3550 5759
592 603 839 667 Muclcg',
874 607 986 654 129.

594 671 840 727 Merclein,
861 668 1120 732 piscarium
1142 667 1218 727 de,
1244 673 1355 719 129.

594 738 911 800 Merleberge,
936 742 1045 785 130.

596 803 850 861 Midelsex,
886 808 996 851 134.

594 908 933 967 θετον-(1331311,
962 906 1269 957 hundredum
1289 906 1364 967 de,
1390 913 1500 958 131.

598 1016 815 1073 Persore,
852 1020 961 1073 181,
1000 1002 1117 1072 133,
1150 1020 1259 1063 134.

599 1189 882 1246 Sundhurst,
922 1194 1031 1237 133.
2260 1200 2520 1257 demusin,
2548 1206 2657 1258 180,
2697 1203 2807 1249 181.

924 1256 1137 1304 inclusus
1167 1254 1242 1313 de,
1270 1261 1379 1305 129.

788 1348 891 1359 ——
922 1321 1083 1370 villata
1099 1321 1173 1381 de,
1199 1327 1310 1371 132.
2189 1360 2224 1373 -
2255 1334 2394 1382 firma
2411 1333 2484 1386 de,
2516 1340 2626 1383 130.

600 1388 787 1445 Stokoe,
823 1394 933 1438 129.
1932 1431 2128 1445 ...—

825 1455 987 1503 villata
1006 1454 1081 1513 de,
1116 1460 1230 1504 132.

599 1558 1003 1617 westmonastev,
1030 1564 1142 1617 129,
1180 1565 1291 1617 131,
1326 1564 1438 1617 133,
1476 1563 1587 1608 133.

599 1626 758 1685 wien,
792 1626 1042 1691 magnum
1064 1624 1139 1683 de,
1166 1631 1278 1675 181.

602 2082 899 2147 Andegavia,
934 2086 1013 2139 13,
1048 2085 1128 2139 37,
1163 2087 1277 2140 351,
1311 2088 1425 2133 353.
1929 2084 2248 2143 normannia,
2271 2088 2351 2141 24,
2386 2089 2467 2140 36,
2505 2087 2586 2139 56,
2619 2086 2700 2141 57,
2740 2085 2851 2138 192,
2885 2085 2998 2138 289,
3031 2084 3143 2134 241,

2355 2155 2469 2208 334,
2505 2154 2621 2205 841,
2657 2154 2770 2205 344,
2805 2150 2920 2205 351,
2955 2150 3067 2195 353.

1929 2257 2168 2315 Nox-vein,
2207 2262 2318 2315 106,
2357 2262 2467 2315 132,
2501 2261 2616 2314 322,
2649 2259 2762 2305 355.

1931 2359 2294 2408 Osmannorum
2325 2355 2623 2416 cantu-edum,
2659 2362 2774 2406 239.

600 2281 827 2345 Bangor’,
865 2287 975 2330 122.

600 2418 843 2479 Flandrin,
876 2426 990 2471 829.

604 2545 831 2605 Gulwcia,
863 2547 1136 2610 scutagium
1166 2545 1242 2606 de,

600 2674 856 2734 Hibernia,
893 2682 968 2735 12,
1002 2681 1083 2734 30,
1116 2682 1196 2734 69,
1232 2680 1345 2724 224.
1416 2688 1424 2697 ·

601 2797 864 2855 Limeriek,
883 2797 1051 2847 civitas
1070 2797 1145 2856 de,
1181 2804 1295 2848 239.

888 2866 1041 2915 honor
1068 2864 1145 2924 de,
1178 2872 1293 2916 289.

887 1081 1195 1131 hundredum
1225 1081 1301 1139 de,
1340 1088 1451 1132 132.

931 2148 1089 2195 Sanct’
1112 2148 1386 2209 Nicholaug
1408 2155 1520 2201 189.

1266 456 1507 507 INDEX
1544 456 1901 509 LOCORUM
1917 457 2470 528 —(quucne1·n.’e'n.’).

1931 602 2168 667 Wigorn’,
2203 607 2284 660 97,
2312 607 2422 660 122,
2449 606 2560 658 132,
2587 605 2700 659 133,
2726 605 2838 657 184,
2872 607 2982 653 336.

1931 694 2158 708 -——-
2188 684 2375 717 camera
2395 668 2448 715 in
2469 676 2624 717 castro
2641 668 2718 724 dc,
2755 673 2868 717 129.

2180 745 2387 784 castrum
2409 735 2483 794 de,
2519 740 2628 785 129.

2123 831 2160 841 -
2189 802 2460 851 chemimtu
2491 802 2544 849 in
2577 810 2730 849 castro
2763 799 2840 859 de,
2879 804 2988 850 129.

2195 868 2392 917 ecclesia
2408 867 2483 925 de,
2529 873 2639 916 132.

1933 936 2220 992 wirecestr’,
2243 941 2325 992 52,
2353 940 2463 992 129,
2504 940 2614 992 130,
2639 940 2753 993 861,
2775 938 2892 983 862.

2197 1026 2229 1037 -
2259 1001 2440 1063 capella
2459 1000 2534 1059 de,
2561 1006 2673 1051 129.

2260 1078 2558 1117 crementum
2609 1068 2869 1116 comitatus
2917 1064 2993 1123 de,
3041 1070 3154 1123 109,

2356 1140 2466 1191 129,
2492 1140 2603 1184 130.

1930 2475 2103 2523 Sancta
2138 2474 2318 2531 Insula,
2351 2471 2632 2522 cantredum
2663 2472 2739 2531 de,
2772 2478 2887 2521 239.

1280 2552 1389 2597 ¹4⁶·
1931 2587 2103 2645 Sooth,
2132 2592 2214 2643 62,
2253 2590 2363 2642 189,
2398 2589 2510 2633 334.

2256 1269 2555 1329 episcopatus
2586 1266 2662 1324 dc,
2697 1272 2806 1323 181,
2843 1270 2955 1314 184.

2409 1401 2665 1453 comitatus
2679 1397 2756 1456 de,
2777 1404 2888 1456 129,
2906 1404 3015 1454 169,
3037 1402 3156 1446 862.

2229 1468 2342 1516 villa
2363 1467 2441 1525 de,
2478 1472 2588 1525 129,
2627 1472 2736 1515 131.

1935 1537 2266 1593 Wirecoemr',
2301 1542 2348 1593 6,
2380 1540 2427 1591 8,
2466 1539 2577 1591 109,
2616 1538 2726 1591 129,
2762 1537 2874 1587 231,
2902 1536 3018 1581 359.

2325 1600 2465 1648 firma
2479 1599 2556 1659 de,
2593 1605 2708 1659 129,
2725 1603 2842 1649 859.

1930 2699 2120 2758 Wullin,
2143 2706 2190 2757 3,
2215 2701 2294 2755 35,
2317 2700 2399 2755 ⁷6,
2437 2702 2546 2755 147,
2585 2701 2695 2753 168,
2731 2700 2844 2754 215,
2877 2698 2991 2752 225,
3025 2698 3145 2751 235,

2223 2772 2337 2823 243,
2363 2766 2476 2821 285,
2508 2769 2620 2821 826,
2655 2768 2768 2811 343.

1936 2871 2158 2929 Ybemin.
2179 2869 2448 2935 scutagium
2470 2867 2546 2927 de,
2569 2873 2681 2916 224.
