3550 5759
1357 457 1598 507 INDEX
1636 456 2013 507 NOMINUM.

389 597 713 663 Didilington,
726 599 991 649 Nicholaun
1006 598 1084 659 de,
1106 606 1214 652 199.
1298 597 1305 603 ’

382 664 661 724 Didi-eston,
680 666 943 716 NichoIaus
964 667 1039 725 de,
1064 672 1177 718 295.

680 734 845 782 Simon
867 733 944 788 (19,
968 738 1082 785 295.

380 796 529 853 Dina,
557 798 763 847 Matilda
781 799 855 857 de,
887 806 997 855 142,
1039 807 1148 850 148.

382 861 565 921 Dinan,
594 865 791 914 Hawisa
811 866 887 926 (19,
912 872 1025 927 227,
1060 873 1173 917 229.

380 928 529 987 Dine,
548 931 805 995 Philippus
829 932 903 991 de,
928 938 1010 983 87.

378 995 517 1057 Diua,
544 998 785 1048 Robertus
806 999 879 1055 de.
908 1005 1018 1050 188.

380 1063 709 1126 Dispensator,
732 1066 934 1126 Alanus,
974 1072 1083 1117 194.

732 1132 1024 1192 Almaricus,
1054 1138 1136 1192 44,
1171 1138 1285 1191 240,
1320 1136 1431 1181 241.

380 1196 526 1253 Diva,
552 1197 697 1246 wido
719 1198 793 1250 (19.
819 1205 934 1249 280-

378 1261 677 1324 Diveleston,
703 1266 943 1313 Robertua
964 1265 1039 1325 (19,
1063 1270 1143 1317 65.

378 1328 577 1387 Divisis,
600 1332 858 1395 burgenses
877 1331 952 1390 (19,
976 1339 1091 1383 230.

599 1398 817 1445 homines
831 1397 906 1457 (19,
930 1406 1043 1449 226.

602 1463 822 1527 ling-erus
842 1465 970 1514 filius
993 1463 1195 1515 Davidiz
1214 1464 1289 1523 dc,
1311 1471 1422 1515 228.

380 1527 623 1587 Dodnvill,
644 1530 772 1579 filius
795 1531 1014 1592 Roberti,
1043 1537 1152 1582 137.

378 1592 626 1659 Dodding,
655 1602 765 1647 191.

377 1658 566 1723 Dogge.
600 1662 903 1717 willielmus.
924 1670 1007 1712 41.

379 1726 596 1785 DoisneI,
620 1728 882 1787 Walterus,
902 1736 1016 1779 818.

380 1792 495 1851 1301,
516 1793 816 1858 franciplegii
846 1796 1061 1853 Roberti,
1080 1800 1193 1845 347.
1294 1846 1301 1853 ,

378 1858 606 1916 Domine,
629 1860 856 1909 Mat-heus
876 1861 1020 1919 filiuS,
1043 1868 1160 1911 814.

380 1924 641 1983 Dorcestr’,
664 1928 807 1974 abbas
826 1926 901 1983 de,
927 1932 1040 1977 271.

659 1992 694 2040 J
696 1994 908 2042 ohannes
928 1993 1003 2052 (19,
1030 2000 1139 2044 194.

382 2056 569 2113 Dor-set,
593 2057 753 2106 Adam
773 2059 1133 2109 archidiaconus
1147 2059 1221 2118 (19,
1247 2066 1359 2111 232.

602 2124 856 2175 Hubertus
901 2126 961 2175 de
1003 2127 1187 2187 But-go,
1228 2128 1491 2176 vicecomes
1529 2126 1605 2186 (19,

644 2196 753 2250 198,
780 2198 895 2249 195,
922 2198 1168 2251 196,197,
1210 2199 1319 2252 199,
1355 2201 1468 2253 200,
1492 2199 1606 2252 201,

634 2264 747 2317 202,
784 2265 897 2315 203,
930 2266 1044 2318 205,
1080 2266 1191 2315 206,
1215 2265 1327 2315 207,
1351 2267 1467 2321 208,
1491 2266 1608 2316 209,

376 2386 561 2443 Doura,
588 2388 846 2440 Fulbcrtus
866 2391 941 2448 de,
964 2398 1084 2451 215,
1111 2397 1225 2451 218,
1260 2398 1372 2442 220.

593 2458 811 2507 homines
832 2457 905 2518 de,
929 2465 1043 2509 221.

593 2526 831 2584 portarius
846 2535 896 2574 et
912 2527 1081 2588 vigiles
1100 2527 1173 2585 de,
1192 2532 1306 2576 218.

599 2590 810 2640 Rohesia
830 2590 905 2650 de,
930 2597 1042 2641 215.

376 2653 608 2714 Draicot',
632 2658 877 2707 Johannoe
900 2657 973 2715 (19,
998 2664 1046 2706 8.

379 2723 624 2781 Draiton’,
651 2724 942 2773 willielmus
962 2723 1037 2783 (19,
1062 2729 1141 2774 87.

376 2788 599 2850 Drapier,
629 2790 868 2839 Herveius
887 2791 949 2847 19,
976 2795 1088 2841 108.

380 2856 547 2919 Dreg’,
568 2856 873 2915 willielmus,
903 2863 1009 2906 184.

376 2922 599 2977 Driffe1d‚
624 2923 842 2971 homines
862 2922 937 2982 de,
962 2930 1075 2982 288,
1099 2930 1212 2972 303.

377 2988 568 3047 Droeis,
598 2989 752 3053 Hugo
772 2990 832 3047 19,
862 2996 971 3040 194.

378 3054 549 3117 Drogo
566 3054 694 3103 tilius
716 3056 979 3117 ludulphi,
1008 3061 1117 3106 170.

374 3117 633 3183 Drogonis,
660 3122 952 3171 Willielmua
972 3122 1116 3179 filius,
1141 3126 1222 3171 77.

372 3184 537 3247 Drup,
566 3185 787 3243 Edi-icus,
812 3194 896 3236 41.

375 3251 695 3311 Dudeinton’,
724 3254 943 3317 Paganus
962 3253 1040 3314 de,
1064 3261 1146 3305 89.

374 3318 664 3377 Dudestan’,
689 3320 938 3384 infirmarij
961 3320 1034 3377 de,
1064 3327 1143 3369 84.

374 3384 602 3444 Dudonc,
624 3386 659 3435 J
662 3385 787 3445 ndei,
810 3390 959 3443 heres,
982 3391 1063 3438 85.

802 3454 993 3503 Pulcels
1028 3470 1161 3513 uxor,
1186 3458 1265 3504 85.

376 3518 561 3577 Duket,
580 3526 693 3569 218.

590 3586 865 3643 ΝἰοὴοῙαυε,
891 3594 970 3648 98,
1008 3593 1117 3636 100.

374 3652 629 3707 Dulmore,
654 3653 941 3716 Radulphus
954 3654 1031 3713 de,
1056 3659 1135 3703 48.

372 3716 637 3777 Dulverne,
666 3719 953 3781 Radulpbus
967 3720 1041 3777 (19,
1062 3726 1141 3770 49.

375 3786 603 3839 Damas-t,
623 3785 779 3835 Alicia
799 3785 875 3845 de,
900 3793 947 3843 8,
976 3793 1052 3835 18.

640 3851 819 3915 Emiya
839 3851 914 3910 dc,
938 3858 986 3911 8,
1025 3858 1102 3901 18.

375 3916 538 3976 Dune,
561 3917 781 3980 Rogerus
802 3916 861 3965 de
878 3918 938 3973 ln,
962 3924 1045 3969 59.

375 3983 627 4039 Duuelm’,
649 3984 913 4045 episcopm,
937 3988 1019 4043 57,
1052 3989 1157 4039 168,
1186 3988 1299 4043 173,
1338 3989 1447 4038 198,
1486 3988 1602 4042 286,

696 4056 810 4108 287,
844 4056 958 4099 305.

636 4114 791 4181 Hugo
810 4117 1075 4178 episcopua,
1099 4120 1179 4173 58,
1216 4120 1295 4171 61,
1334 4120 1448 4163 284.

636 4182 695 4231 Ρ.
720 4184 981 4245 episcopus,
1008 4185 1121 4231 287.

637 4248 895 4310 Philippus
917 4249 1179 4312 episcopm,
1204 4254 1283 4297 60.

369 4311 739 4371 Dunestanvill’,
766 4316 1007 4363 walterus
1040 4315 1115 4375 de,
1138 4320 1255 4371 224,
1290 4318 1404 4361 288.

371 4379 625 4439 Dunewiz,
648 4382 909 4445 burgenses
926 4382 1002 4439 de,
1026 4386 1139 4432 885·

653 4449 872 4496 homines
885 4446 960 4505 dc,
984 4456 1098 4508 824,
1133 4450 1247 4495 884.

370 4514 623 4569 Dunham,
648 4514 886 4563 Ricardus
906 4514 981 4572 de,
1005 4521 1118 4566 327.

480 4594 484 4599 ·
656 4580 936 4629 Richeman’
957 4581 1033 4641 de,
1058 4588 1137 4641 24,
1174 4589 1253 4633 96.

654 4646 865 4695 Thomu
886 4646 961 4706 de,
998 4655 1079 4698 24.

654 4713 946 4762 willielmus
968 4714 1043 4773 (19,
1063 4721 1142 4771 24,
1185 4717 1291 4763 154.

369 4778 656 4835 Dunheved,
682 4780 937 4838 walterus,
963 4787 1076 4830 207.

368 4845 627 4909 Dunning,
655 4846 934 4905 Nicholaua,
970 4854 1084 4897 201.

369 4910 592 4970 Dum-ed,
620 4910 797 4971 Adam,
820 4919 934 4963 295.

369 4976 559 5037 Dunse,
590 4978 839 5027 Giselinuz
862 4978 939 5038 de,
964 4985 1078 5029 822.

1724 599 2012 663 Dunstaplc‚
2038 601 2279 651 walterus
2299 602 2373 660 de,
2402 609 2510 655 155.

1729 666 1976 725 Dunster’,
1991 669 2176 731 janitor
2197 670 2336 718 castri
2360 670 2432 727 de,
2457 678 2568 729 210,
2608 680 2718 725 211.

1999 735 2178 784 milites
2203 737 2397 785 honoris
2418 737 2494 796 (19,
2513 746 2628 789 211.

1724 799 1963 856 Dunton’,
1991 800 2212 865 Roget-us
2233 802 2312 859 de,
2336 808 2444 853 154.

1723 866 1944 931 Duping,
1975 867 2277 928 Ranulphus.
2301 874 2408 920 175.

1723 930 1963 990 Durandi‚
1987 934 2223 984 Ricardus
2245 935 2387 995 filins,
2411 944 2491 986 34.

1722 998 1991 1055 Duredent.
2021 1000 2323 1064 Ranulphuc,
2343 1010 2457 1052 261.

1720 1063 1950 1124 Duaton',
1977 1067 2222 1117 Hem-icus
2241 1068 2316 1125 de,
2340 1074 2425 1119 51.

1977 1134 2200 1197 Rogems
2220 1134 2298 1191 de,
2320 1141 2398 1193 84,
2419 1143 2498 1188 85.

1973 1200 2266 1251 Willielmus
2284 1201 2358 1257 de,
2391 1208 2498 1253 157.

2303 1504 2379 1569 E.

1726 1724 1903 1783 Baton,
1930 1725 2144 1775 Thomas
2166 1727 2238 1783 (19,
2264 1734 2378 1779 290.

1724 1792 2144 1851 Εῡοεμὼωιιο,
2164 1800 2280 1851 290,
2317 1799 2430 1853 291,
2465 1800 2579 1853 298,
2615 1801 2730 1845 299.

2103 1860 2274 1909 Sancte
2301 1862 2458 1908 Marie
2478 1860 2554 1920 de,
2579 1868 2692 1911 292.

1925 1925 2199 1974 Alexander
2220 1926 2422 1975 clericus
2448 1926 2522 1985 (19,
2548 1934 2662 1978 260.

1919 1992 2300 2055 archiepiscopus
2317 1993 2391 2052 de,
2415 2001 2461 2048 6,
2479 2000 2564 2049 18,
2595 2000 2668 2051 14,
2702 2000 2811 2055 172,
2842 2003 2951 2057 192,

1987 2064 2101 2116 280,
2138 2066 2250 2115 297,
2286 2067 2400 2119 298,
2435 2067 2546 2116 302,
2582 2068 2699 2117 804.
2734 2069 2847 2114 319.

1919 2124 2177 2187 burgensoe
2193 2126 2266 2179 de,
2287 2133 2400 2178 289.

1718 2216 1886 2227 ———
1918 2192 2136 2241 canonici
2153 2191 2226 2248 de,
2252 2198 2366 2243 289.

1918 2258 2044 2305 cives
2063 2257 2140 2317 de,
2165 2265 2278 2317 287,
2314 2266 2428 2308 300.

1717 2348 1885 2359 --
1917 2323 2124 2373 decanus
2145 2336 2194 2373 et
2214 2326 2482 2387 capitulum
2502 2325 2579 2385 (19,
2603 2332 2716 2376 291.

1717 2415 1886 2427 ——
1924 2390 1988 2438 G.
2014 2392 2396 2453 archiepiscopus
2416 2392 2491 2449 (19,
2517 2398 2630 2441 284.

1917 2458 2136 2506 homines
2155 2458 2498 2519 archiepiscopi
2521 2459 2596 2515 (19,
2621 2465 2734 2509 303.

2160 2526 2330 2573 Sancte
2353 2524 2512 2573 Marie
2536 2525 2609 2581 de,
2635 2532 2746 2575 287.

1716 2612 1885 2625 -—·
1914 2590 2116 2639 Josceus
2134 2590 2324 2640 Judeus
2344 2589 2419 2649 (19,
2455 2596 2568 2650 800,
2603 2597 2718 2641 301.

1715 2680 1883 2692 ——
1913 2656 2053 2704 liberi
2079 2666 2293 2706 tenente·
2307 2656 2494 2705 abbatie
2511 2658 2680 2707 Sancte
2700 2658 2860 2708 Marie
2873 2659 2950 2720 (19,

1714 2813 1884 2829 ——
1914 2788 2092 2837 militen
2109 2786 2182 2843 de,
2207 2794 2322 2837 804.

2107 2854 2447 2917 archiepiscopi
2469 2854 2544 2913 de,
2569 2861 2682 2905 812.

1711 2946 1882 2957 ---
1913 2923 2137 2982 probator
2154 2923 2295 2969 castri
2321 2920 2394 2979 de,
2413 2928 2528 2971 281.

1711 3014 1880 3023 —
1917 2987 2140 3051 Rogemus
2171 2986 2414 3051 quondam
2453 2988 2835 3051 archiepiscopus
2871 2991 2948 3053 de,

1910 3120 2172 3169 vicecomes
2193 3118 2266 3176 de,
2288 3126 2398 3169 800.
2431 3119 2558 3169 Vide
2573 3120 2819 3170 Everwic’.

1717 3185 1971 3244 Eborenci,
1998 3186 2252 3235 Albcrieus
2271 3202 2444 3241 come,
2471 3193 2550 3237 34.

1718 3250 1968 3309 Ecloefeld,
2000 3252 2286 3315 Radulphus
2307 3252 2383 3311 de,
2406 3260 2518 3302 800.

1718 3317 1931 3377 Eddulfi,
1952 3319 2246 3367 willielmus
2267 3318 2414 3377 fliius,
2431 3324 2511 3377 57,
2545 3326 2627 3370 53.

1716 3384 1846 3441 Ede,
1872 3385 2028 3448 Hugo
2049 3386 2190 3441 filius,
2215 3391 2328 3435 297.

1716 3450 1938 3507 Edelinn,
1963 3459 2042 3501 87.

1717 3517 1900 3571 Edene,
1929 3518 2105 3566 Salom'
2128 3517 2316 3567 Judeus
2337 3517 2411 3573 de,
2440 3523 2550 3567 188.

1718 3583 1989 3642 Edenham,
2020 3584 2253 3633 Ricardus
2275 3589 2348 3639 de,
2373 3591 2486 3634 847.

1716 3651 1941 3715 Edgarus
1995 3650 2260 3699 avunculus
2307 3652 2496 3700 comitis
2529 3650 2765 3709 Walden’,
2799 3656 2949 3717 patris

1845 3718 2036 3766 comitis
2055 3717 2265 3775 Patricii,
2283 3724 2364 3767 62.

1717 3784 1887 3841 Edith,
1915 3783 2158 3831 walterus
2179 3783 2320 3842 filius,
2345 3790 2426 3835 50.

1718 3849 1955 3904 Edmarii,
1987 3849 2220 3897 Ricardus
2241 3850 2383 3907 fliius,
2406 3856 2486 3899 28.

1718 3915 1985 3974 Edmundi,
2003 3914 2246 3965 sor-danus
2265 3916 2407 3972 filius,
2437 3922 2546 3965 186.

1718 3982 1984 4030 Edmundo
2011 3982 2200 4039 Sancto,
2223 3983 2364 4029 abbas
2385 3982 2457 4037 de,
2479 3987 2592 4041 825,
2627 3988 2742 4043 884,
2777 3990 2891 4034 337.

2229 4050 2450 4097 monachi
2471 4048 2545 4107 de,
2569 4056 2682 4098 821.

2237 4114 2455 4179 Roget-us
2477 4114 2552 4175 de,
2579 4122 2661 4174 62,
2685 4122 2800 4174 300,
2833 4123 2946 4167 324.

1718 4180 1966 4238 Edwardi,
1990 4179 2314 4239 decennarius,
2340 4189 2386 4233 9.

1997 4246 2283 4309 Radulphus
2303 4264 2465 4311 gener,
2494 4252 2604 4297 176.

1718 4311 1962 4362 Edwardo
1984 4313 2170 4372 Sancto,
2192 4314 2422 4362 abbatissa
2445 4314 2516 4372 dc,
2549 4320 2664 4374 207,
2699 4322 2813 4365 282.

1716 4404 2145 4419 -—-—-——-
2183 4379 2394 4427 Thomas
2415 4380 2491 4437 de,
2523 4387 2630 4429 194.

1718 4444 1990 4493 Edwardus
2011 4444 2138 4493 filius
2159 4446 2402 4503 Milesent,
2426 4452 2534 4495 140.

1719 4511 1932 4570 Edwidi,
1964 4510 2198 4560 Ricardus
2220 4512 2362 4567 filius,
2389 4516 2470 4561 54.

1719 4578 1934 4636 Edwini‚
1960 4577 2196 4627 Edwinus
2217 4578 2364 4633 filius,
2385 4582 2498 4629 818.

1966 4644 2201 4693 Ricardus
2219 4643 2359 4699 filius,
2382 4650 2463 4694 44.

1967 4711 2210 4759 Robertus
2225 4710 2370 4767 filius,
2391 4718 2505 4763 274.

1722 4802 1910 4816 .---
1964 4776 2258 4825 willielmus
2277 4776 2418 4833 filius,
2443 4784 2556 4830 252.

1724 4843 1940 4907 Egesdd,
1965 4844 2140 4891 Petrus
2160 4842 2238 4903 de,
2262 4848 2375 4892 884.

1725 4910 1987 4973 Eggeton’‚
2014 4910 2266 4958 Johannes
2287 4908 2362 4967 de,
2397 4916 2476 4960 41.

1724 4978 2016 5039 Egremunt,
2043 4975 2278 5025 Rioerdus
2299 4975 2374 5035 de,
2398 4982 2478 5027 67.

2276 5089 2415 5136 DD
