3550 5759
1498 430 1744 480 INDEX
1779 431 2166 482 NOMINUM.

534 562 817 629 Hastinges,
846 566 1001 630 Hugo
1022 566 1097 625 de,
1124 570 1203 624 ⁷2,
1234 572 1315 620 86.

828 633 1075 682 Johannes
1097 632 1171 693 de,
1194 640 1275 692 42,
1312 643 1425 695 268,
1461 644 1573 689 280.

832 699 959 747 Milo
984 699 1059 758 de,
1088 705 1165 750 10.

830 764 1117 828 Radulphun
1136 768 1211 823 de,
1239 774 1349 820 149.

828 832 1069 881 Hebenus
1088 833 1164 892 de,
1196 841 1305 893 150,
1346 842 1453 894 151,
1494 843 1604 899 161,
1640 847 1752 891 340.

828 898 1081 948 Umfridus
1102 900 1175 958 de,
1206 907 1315 952 158.

824 964 1117 1015 willielmus
1139 967 1213 1026 de,
1238 975 1356 1029 827,
1389 978 1501 1022 840.

529 1031 792 1089 Hatecrist,
820 1032 989 1097 Hugo,
1013 1038 1125 1083 858.

523 1097 785 1153 Haterioet,
802 1107 929 1146 terra
950 1098 1024 1157 de,
1048 1105 1162 1149 852.

526 1164 720 1219 Hatlee,
742 1165 877 1225 prior
910 1164 985 1223 de,
1010 1171 1123 1215 252.

526 1230 733 1287 Hatton,
763 1230 1053 1293 Ranulphus
1074 1232 1151 1287 de,
1178 1238 1255 1281 12.

524 1296 834 1353 Havehunte,
862 1298 1067 1361 Sagun-us
1086 1298 1162 1357 110,
1182 1304 1296 1350 248.

857 1363 1149 1414 willielmus
1170 1365 1243 1421 de,
1270 1374 1381 1418 248.

523 1429 745 1486 Havene,
769 1430 993 1493 Nigellus
1014 1430 1088 1488 de,
1114 1438 1227 1481 244.

522 1495 847 1559 Haverberge,
880 1498 1038 1545 David
1060 1498 1135 1556 de,
1160 1504 1274 1548 848.

523 1562 768 1618 Haverell,
796 1562 1090 1613 willielmus
1109 1565 1184 1623 de,
1208 1572 1318 1616 100.

521 1628 847 1677 Haveresham
850 1663 1168 1687 .......
1206 1632 1279 1690 de,
1303 1641 1417 1686 852.

884 1696 1039 1760 Hugo
1058 1696 1133 1753 de,
1157 1704 1269 1749 851.

520 1762 755 1820 Haverez,
785 1764 951 1811 Simon
982 1764 1055 1821 de,
1080 1771 1108 1814 7
1114 1772 1161 1813 4.

518 1828 791 1886 Haverhill.
820 1829 1116 1879 willielmus
1136 1830 1211 1889 de„
1241 1838 1352 1882 104.

516 1894 833 1955 Haverholm,
857 1897 1089 1953 canonici,
1123 1899 1367 1959 moniales,
1390 1910 1441 1948 et
1468 1902 1639 1953 fratres
1670 1904 1747 1964 de,

515 2026 836 2092 Haubergier,
864 2028 1157 2079 willielmus
1179 2031 1253 2089 de,
1278 2038 1355 2083 85.

516 2093 700 2151 Haubi,
726 2096 959 2143 osbertus
979 2097 1249 2158 capellanus
1273 2098 1346 2156 de,
1376 2106 1484 2150 185.

512 2159 769 2218 Hauselin,
788 2161 1097 2222 Willielmus,
1124 2170 1233 2215 181.

515 2226 752 2284 Hautein,
779 2227 1041 2287 Henricus,
1069 2235 1177 2279 188.

517 2291 737 2348 Hauvill,
767 2293 1013 2343 Galfridus
1034 2294 1108 2354 de,
1134 2302 1213 2356 56,
1248 2304 1331 2347 58.

770 2360 1015 2410 Gilbertus
1036 2379 1185 2424 nepos
1214 2364 1459 2428 Radulphi
1480 2366 1554 2424 (10,
1591 2373 1671 2419 85.

770 2424 1059 2488 Radulphus
1079 2429 1154 2486 de,
1179 2436 1259 2489 74,
1296 2437 1377 2481 85.

766 2492 1010 2541 Walterus
1032 2494 1106 2550 de,
1132 2502 1245 2545 242.

511 2557 711 2615 11011111,
732 2558 979 2608 Galfridus
998 2560 1141 2621 filius,
1172 2569 1279 2612 101.

513 2624 586 2673 H.
606 2625 989 2687 archiepiscopus
1014 2628 1287 2685 Centum-ie,
1324 2636 1403 2685 82,
1438 2638 1516 2688 86,
1540 2641 1619 2690 71,
1658 2642 1738 2693 82,

642 2697 721 2749 89,
762 2697 873 2747 149,
912 2698 1019 2749 158,
1060 2700 1169 2749 165,
1210 2701 1318 2752 172,
1356 2702 1472 2755 216,
1507 2706 1619 2750 221.

509 2756 834 2818 Heddendon,
887 2759 1121 2808 osbertus
1174 2761 1246 2817 de,
1300 2768 1414 2820 269,
1463 2770 1575 2822 270.
1624 2776 1738 2829 276,

507 2889 803 2948 Heddesore,
834 2891 1127 2941 willielmus
1148 2893 1221 2951 de,
1244 2900 1358 2945 845.

506 2956 776 3016 Hederoso,
796 2959 1015 3005 canonici
1036 2962 1311 3009 monasterii
1332 2961 1405 3017 de,
1430 2970 1543 3013 222.

800 3025 934 3087 prior
959 3028 1235 3075 monasterii
1260 3027 1333 3086 de,
1357 3036 1472 3079 222.

505 3089 702 3147 Hedon,
723 3094 983 3155 burgenses
1004 3091 1078 3149 de,
1104 3100 1217 3143 292.

506 3154 631 3212 Hee,
660 3157 835 3206 Petrus
859 3157 931 3214 de,
958 3162 1072 3208 252.

502 3219 685 3284 Hegea,
709 3224 877 3272 Petrus
897 3224 971 3282 de,
994 3231 1107 3273 241.

502 3286 705 3342 Heiton,
734 3290 893 3337 Alicia
912 3288 985 3346 de,
1022 3298 1136 3341 820.

502 3352 761 3414 Heiwurd,
783 3355 1015 3404 osbertus
1036 3357 1111 3416 de,
1136 3363 1247 3408 258.

504 3418 737 3477 Helidon,
765 3420 999 3469 Osbertus
1020 3422 1095 3481 de,
1120 3430 1199 3472 81.

502 3484 779 3544 Hellebore,
803 3487 1060 3545 walterus,
1090 3494 1199 3539 177.

500 3550 775 3609 11011011οω,
805 3552 961 3617 Hugo
982 3553 1057 3613 de,
1082 3562 1194 3605 220.

499 3617 771 3675 Helleston,
794 3620 1011 3669 homines
1034 3620 1109 3677 de,
1131 3629 1210 3673 92.

498 3682 785 3745 Helpeston,
810 3684 959 3747 Elyas
980 3686 1059 3744 de,
1080 3693 1160 3736 84.

496 3749 663 3810 Halte,
687 3750 883 3799 1101·οἀοο
908 3752 1158 3803 willielmi
1180 3756 1285 3814 filii,
1309 3764 1422 3807 220.

494 3816 709 3879 Helyou,
737 3817 981 3866 Herveiuz
1002 3817 1074 3875 de,
1099 3828 1178 3870 24.

737 3884 1029 3933 Willidmus
1078 3886 1153 3946 de,
1194 3895 1267 3946 16,
1306 3896 1417 3950 147,
1460 3896 1569 3949 150,
1610 3899 1720 3953 151,

490 4016 716 4074 chlaw,
746 4016 980 4065 Rieu-dus
1000 4017 1075 4074 de,
1110 4026 1224 4069 851.

493 4082 709 4139 Hem-ed,
730 4084 1024 4132 willielmus
1042 4083 1115 4141 de,
1140 4092 1249 4135 262.

490 4148 695 4197 Henrici
718 4150 1001 4211 Camerarii,
1030 4151 1255 4201 Warinus
1274 4154 1413 4211 filius,
1440 4161 1552 4213 222,
1576 4161 1689 4208 257.

740 4216 1055 4278 Carpentarii,
1080 4217 1326 4269 Johannes
1346 4222 1488 4279 filius,
1514 4228 1626 4272 252.

736 4282 989 4344 Cytariste,
1016 4283 1309 4334 willielmus
1330 4288 1471 4344 filim,
1498 4295 1610 4339 265.

734 4347 794 4396 de
820 4350 994 4413 Longo
1024 4350 1227 4413 Compo,
1256 4353 1549 4403 willielmus
1569 4356 1711 4411 filius,

732 4479 908 4530 Petrus
930 4483 1070 4540 filius,
1107 4489 1187 4535 81.

728 4546 1015 4610 Radulphus
1036 4550 1174 4605 filius,
1200 4556 1281 4602 59.

731 4613 911 4663 swale
934 4617 1078 4676 filius,
1098 4624 1175 4671 61,
1212 4624 1324 4674 312,
1361 4624 1475 4667 320.

728 4680 940 4729 Thomas
961 4682 1103 4740 filius,
1126 4690 1207 4741 88,
1234 4691 1346 4734 282.

728 4747 1020 4799 willielmus
1075 4750 1217 4809 filius,
1274 4756 1355 4809 48,
1412 4754 1524 4809 265,
1594 4756 1708 4810 267,

478 4878 725 4928 Hem-icus
746 4880 875 4929 filius
911 4880 1020 4930 Ade
1040 4880 1100 4929 (10
1121 4882 1334 4942 Ulvesbi,
1357 4889 1437 4934 59.

908 4947 1072 5008 Alani,
1103 4954 1211 4999 118.

1876 574 2124 624 Hem-icus
2145 575 2276 625 filius
2297 575 2518 637 Comitia,
2544 584 2624 635 15,
2661 586 2742 631 90.

2071 670 2502 687 ——-——-
2518 644 2580 694 de
2595 648 2750 707 Auno,
2777 654 2889 699 149.

2305 711 2521 760 Gervasii
2555 713 2616 763 de
2642 716 2895 773 Cornhun,
2921 722 3034 768 102.

2304 777 2525 835 Gilberti,
2551 786 2661 830 112.

2305 844 2432 902 Gile,
2461 852 2569 895 178.

2301 910 2510 959 Hem-ici
2531 912 2618 961 filii
2641 914 2804 971 meld.
2829 922 2946 967 257.

2301 977 2500 1035 Hervei,
2523 985 2637 1028 281.

2300 1044 2531 1107 Hugonis
2603 1045 2664 1094 de
2729 1046 2908 1109 Neviu,
2988 1057 3105 1111 185,

2295 1175 2533 1225 Johannis
2554 1177 2614 1226 de
2637 1180 2823 1239 Palein,
2849 1190 2964 1233 280.

2298 1242 2442 1301 00111,
2467 1250 2582 1294 249.

2293 1308 2552 1369 Osmundi,
2585 1320 2634 1362 5.

2299 1376 2560 1438 ludulphi,
2589 1385 2703 1431 249.

2293 1442 2456 1506 Regis,
2491 1449 2570 1493 62.

2296 1508 2510 1567 Reineri,
2539 1516 2645 1569 100,
2683 1519 2789 1562 102.

2295 1574 2492 1625 Rioerdi
2516 1576 2692 1637 1100110,
2710 1588 2821 1629 208.

2291 1641 2508 1701 Roberti,
2534 1649 2646 1693 848.

2294 1708 2517 1767 Simonis,
2548 1715 2654 1760 176.

2291 1774 2486 1833 Siwasd,
2521 1782 2636 1826 880.

2291 1840 2504 1898 Unfridi,
2527 1850 2640 1894 297.

1871 934 2267 949 Ι

2290 1906 2492 1966 Warini,
2515 1915 2625 1958 114.

2289 1973 2556 2035 willielmi,
2593 1984 2672 2035 98,
2709 1985 2789 2028 94.

2147 2037 2393 2087 Secundus
2419 2041 2541 2100 Rex,
2579 2049 2657 2103 16,
2694 2050 2774 2103 25,
2808 2051 2887 2096 69.

1863 2099 2083 2159 Henton,
2111 2103 2270 2152 Adam
2292 2105 2364 2163 de,
2391 2112 2502 2156 258.

1861 2165 2108 2223 Herberti,
2137 2168 2290 2234 Hugo
2311 2172 2454 2231 filius,
2477 2180 2588 2223 814.

2125 2236 2357 2286 Matheus
2379 2240 2519 2298 filius,
2544 2248 2623 2289 24.

2120 2302 2359 2353 Robertus
2379 2306 2520 2365 filius,
2548 2313 2659 2357 184.

1859 2364 2132 2415 Herbertus
2153 2368 2282 2418 filius
2305 2370 2522 2430 Ernaldi,
2551 2380 2658 2423 188.

1853 2458 2280 2470 ᾕ-
2302 2437 2548 2498 lietberti,
2573 2447 2652 2499 85,
2675 2448 2788 2503 229,
2819 2450 2930 2504 284,
2967 2452 3084 2507 245,

1857 2564 2129 2624 Herdewic,
2150 2566 2463 2620 decennarius
2493 2572 2702 2622 Gilberti
2727 2575 2802 2635 de,
2839 2584 2951 2629 845.

1858 2630 2010 2691 Here,
2039 2633 2296 2692 Walterus,
2325 2643 2432 2687 189.

1854 2697 2120 2747 Hereboldi
2147 2700 2316 2760 Bosco,
2338 2703 2513 2764 leprosi
2535 2704 2608 2761 de,
2637 2713 2732 2755 144

1855 2764 2127 2825 Hereford’,
2147 2767 2325 2816 Ceoilia
2347 2772 2586 2819 eomitissa
2599 2772 2673 2832 de,
2695 2780 2808 2833 215,
2821 2782 2935 2835 216,
2961 2784 3075 2827 220.

2145 2848 2303 2881 comoe
2324 2835 2400 2895 de,
2423 2844 2537 2886 840.

2146 2902 2386 2949 comitissa
2404 2903 2479 2961 de,
2507 2910 2616 2955 149.

1848 2990 2114 2999 -———·
2147 2967 2397 3029 episeopus
2420 2969 2493 3025 de.
2523 2976 2631 3023 109.

1847 3056 2112 3067 ——-—
2148 3030 2303 3096 Hugo
2323 3034 2397 3093 de,
2423 3042 2497 3087 15.

1846 3122 2111 3133 ————
2142 3098 2320 3147 vinitor
2341 3102 2415 3159 de,
2439 3108 2548 3152 106.

2047 3189 2107 3199 ·-
2141 3164 2193 3211 in
2211 3164 2398 3226 wallia,
2421 3168 2628 3217 1100011110
2647 3180 2700 3218 et
2715 3173 2983 3234 capitulum
3001 3176 3073 3233 de,

2407 3301 2664 3351 Hubertus
2757 3304 2819 3354 de
2903 3307 3072 3371 Bul-go

2443 3368 2705 3417 vicecomes
2725 3369 2798 3430 de,
2823 3378 2926 3429 106,
2955 3379 3066 3432 107,

2439 3440 2546 3491 108,
2587 3441 2698 3494 110,
2730 3445 2842 3487 360.

1846 3492 2112 3552 Her-emite,
2143 3497 2425 3559 Godwinus,
2459 3507 2540 3551 58.

1847 3559 2127 3618 Hercu-ard,
2147 3564 2450 3631 franciplegii
2477 3567 2672 3615 Ricardi
2695 3570 2798 3626 filii,
2825 3576 2929 3621 179.

2039 3655 2104 3663 —
2155 3630 2406 3681 ,rodvinus
2425 3633 2569 3691 filius,
2591 3640 2672 3683 85.

2138 3695 2372 3747 Ricardus
2393 3700 2535 3759 filius,
2563 3705 2674 3760 175,
2700 3708 2810 3752 179.

2136 3761 2374 3813 Robertus
2395 3766 2536 3823 filius,
2562 3774 2673 3817 217.

1838 3824 2028 3881 Heu-iet,
2057 3827 2292 3879 Rieu-dus
2312 3831 2390 3890 de,
2425 3840 2504 3890 80,
2541 3840 2653 3891 225,
2687 3842 2801 3884 255.

1837 3890 2006 3950 Heriz,
2037 3894 2278 3943 Hem-icus
2296 3897 2370 3956 de,
2408 3906 2488 3949 95.

2035 3960 2276 4011 Robertus
2297 3963 2370 4021 de,
2395 3972 2474 4021 90,
2513 3971 2592 4023 92,
2627 3972 2710 4016 95.

2033 4026 2138 4073 Yvo
2161 4027 2234 4087 de,
2260 4036 2372 4087 814,
2396 4038 2508 4080 818.

1835 4090 2069 4149 11011000,
2095 4093 2340 4145 Ernaldus
2360 4097 2434 4156 de,
2453 4106 2566 4151 829.

2091 4160 2255 4209 Simon
2277 4164 2405 4213 filius
2429 4166 2657 4227 Stephani
2679 4167 2754 4225 de,
2782 4175 2890 4219 104.

1833 4222 2144 4289 Herleberge,
2176 4228 2410 4279 Ricardus
2431 4230 2506 4289 de,
2531 4239 2612 4281 54.

1831 4289 2206 4352 Hermodoetom
2235 4295 2526 4347 Willielmus
2548 4300 2622 4359 de,
2645 4307 2760 4351 818.

1829 4354 2132 4417 Heu-nehem,
2161 4367 2271 4411 190.

1832 4421 2070 4481 Hei-ovili,
2097 4426 2391 4479 willielmus
2411 4430 2487 4490 de,
2511 4438 2594 4483 46.

1830 4487 1996 4547 Heni,
2025 4490 2182 4555 Hugo
2203 4492 2278 4552 de,
2307 4502 2416 4547 1:35.

1831 4553 2028 4612 Hersin,
2049 4557 2289 4609 Robertus
2310 4561 2384 4623 de,
2408 4570 2522 4615 845.

1829 4619 2110 4681 Hettewell,
2133 4626 2192 4671 W
2196 4627 2374 4677 alterna
2394 4629 2468 4689 de,
2493 4638 2606 4682 854.

1829 4686 2140 4747 Hertfordsr’,
2158 4692 2394 4744 Rima-dus
2414 4698 2685 4749 Munfichet
2697 4702 2960 4753 vicecomes
2979 4702 3050 4759 de,

2220 4765 2328 4817 144,
2369 4768 2476 4822 147,
2517 4772 2626 4825 150,
2665 4774 2774 4823 153,
2805 4775 2915 4828 154,
2941 4775 3049 4827 155,

2219 4832 2328 4885 156,
2368 4835 2476 4887 157,
2517 4838 2624 4890 158,
2668 4840 2777 4896 159,
2803 4842 2912 4895 160,
2939 4842 3050 4895 162,

2223 4898 2333 4951 163,
2367 4902 2481 4946 858.

1829 4952 2104 5014 Hertiland,
2134 4956 2320 5008 Alanus
2341 4960 2416 5021 de,
2441 4970 2519 5015 91.
