3550 5759
1395 439 1637 491 INDEX
1672 439 2053 489 NOMINUM.

444 590 590 649 Bere,
618 588 777 637 Alieis
798 601 921 635 uxor
945 585 1151 634 walteri
1172 583 1249 642 de,
1269 590 1352 635 38.

606 655 854 703 Hem-icus
874 652 950 711 de,
978 656 1055 702 15.

442 752 575 765 —--
612 720 849 770 Rimrdus
882 720 941 768 de
962 720 1021 777 la,
1048 724 1158 773 244,
1184 724 1300 769 251.

608 788 851 835 Walterus
872 786 947 842 de,
971 792 1051 835 88.

447 854 711 913 Bereford',
739 854 899 901 Alieia
919 852 993 908 de,
1030 858 1145 901 218.

746 920 965 985 Rogatus
984 919 1059 975 de,
1094 924 1206 967 281.

740 986 953 1034 Thomas
972 986 1045 1040 de,
1068 990 1183 1035 845.

446 1055 758 1117 Berengaris,
786 1053 991 1117 Regina,
1018 1058 1096 1101 19.

448 1121 746 1183 Berengsrii,
776 1120 943 1167 Petrus
964 1119 1105 1175 filius,
1133 1123 1244 1166 178.

448 1188 771 1249 Berengarius
794 1185 921 1234 filius
947 1184 1187 1240 Goderici,
1214 1189 1323 1233 178.

449 1254 690 1309 Berevill’,
720 1252 1010 1300 willielmus
1029 1250 1103 1307 de,
1134 1256 1243 1300 191.

447 1320 748 1382 Bergervill',
776 1318 1021 1367 Hem-icus
1041 1316 1115 1371 de,
1140 1323 1253 1365 814.

450 1385 726 1449 Bergevill’,
754 1385 963 1432 Thomas
983 1384 1057 1438 de,
1081 1388 1165 1433 55.

454 1453 703 1509 Ber-burst,
727 1452 861 1514 prior
882 1450 957 1505 de,
983 1458 1064 1501 39.

452 1519 725 1574 ΒοιΙςειι-ὶυε,
752 1517 1007 1571 Robertus.
1036 1522 1145 1565 190.

452 1584 690 1639 Berkeiai,
721 1585 943 1633 Hawaeia
976 1582 1051 1641 de,
1076 1588 1157 1631 86.

716 1651 942 1700 Oliverus
962 1648 1037 1703 de,
1062 1654 1143 1697 52.

720 1718 960 1765 Robertus
978 1714 1051 1770 de,
1078 1721 1157 1769 88,
1180 1720 1259 1769 43,
1282 1718 1362 1771 52,
1392 1720 1499 1769 194,
1522 1720 1637 1763 200.

715 1784 937 1847 Roget-us
956 1782 1030 1840 de,
1055 1788 1135 1838 86,
1160 1785 1240 1837 44,
1269 1784 1378 1829 197.

718 1849 1011 1897 willielmus
1030 1848 1105 1904 de,
1134 1853 1243 1905 188,
1273 1853 1382 1897 184.

456 1917 695 1979 Berking‚
719 1916 953 1963 abbatissa
972 1916 1049 1968 de,
1078 1920 1188 1963 145.

456 1981 733 2035 Berlesdom
757 1980 991 2030 aicardus
1012 1980 1087 2038 de,
1116 1985 1224 2029 154.

457 2049 672 2103 Bel-mer.
698 2048 1006 2105 willielmus,
1046 2053 1154 2097 176.

457 2113 710 2171 Ber-nardi,
732 2114 1057 2169 decennarius,
1080 2119 1193 2162 829.

743 2182 989 2230 Johannoe
1011 2181 1151 2233 filius,
1176 2186 1256 2238 86,
1279 2185 1390 2227 248.

753 2248 910 2297 Luoes
930 2248 1071 2304 filins,
1105 2253 1185 2295 91.

753 2314 1037 2375 Radulphus
1069 2314 1209 2367 filim,
1234 2318 1345 2363 286.

754 2380 995 2429 Robertus
1012 2379 1156 2435 filius,
1186 2385 1292 2427 120.

460 2475 724 2489 ————
760 2448 934 2503 Sancti,
958 2446 1187 2497 canonici.
1215 2452 1327 2494 218-

760 2514 925 2562 Simon
947 2513 1088 2569 filius,
1112 2518 1226 2561 814.

762 2581 971 2628 Th0mas
992 2579 1132 2635 filius,
1156 2584 1269 2626 220.

465 2646 689 2705 Bemers,
715 2647 961 2695 Henricus
981 2644 1054 2701 de,
1080 2651 1191 2692 222.

720 2714 959 2761 Robertus
979 2712 1053 2769 de,
1079 2716 1192 2759 224.

465 2778 663 2837 Bernes,
692 2780 933 2829 Robertus
950 2778 1025 2835 de,
1050 2784 1162 2827 228.

466 2846 735 2905 Berneval',
762 2846 1005 2895 Henricus
1035 2842 1111 2907 de,
1134 2850 1245 2900 240,
1272 2848 1383 2892 241.

468 2912 769 2970 Bemewell’,
788 2912 1002 2961 canonici
1026 2910 1101 2968 de,
1128 2915 1235 2966 185,
1267 2916 1373 2965 186,
1402 2914 1513 2958 141.

467 2978 708 3033 Berniers,
733 2979 971 3027 Robertus
1004 2976 1076 3033 de,
1102 2984 1214 3035 322,
1238 2984 1350 3026 828.

468 3044 650 3103 Bersel,
678 3046 905 3105 Thomas,
924 3050 1037 3093 281.

467 3111 629 3166 Rem,
652 3113 907 3167 eomitissa,
930 3117 1042 3160 286·

468 3178 670 3237 Ber-ton,
697 3177 988 3226 willielmus
1010 3176 1086 3231 de,
1110 3182 1192 3225 41.

468 3244 707 3301 Bet-tram,
733 3245 985 3300 Romi-tus,
1011 3250 1125 3293 840.

470 3311 693 3369 Bet-tran,
729 3312 984 3369 Robertus,
1020 3316 1102 3359 61.

1027 3376 1155 3424 filius
1179 3374 1388 3433 aicardi,
1411 3380 1493 3425 65.

733 3444 970 3509 Roget-us,
994 3449 1074 3493 59.

471 3510 736 3566 Boeinton’,
782 3510 1085 3575 franciplegii
1131 3508 1257 3557 iufra
1310 3517 1517 3573 quatuor
1564 3509 1691 3555 hun-

597 3577 743 3625 dreda
771 3578 847 3634 de,
870 3583 984 3627 270.

473 3642 668 3701 Betun’,
693 3644 947 3693 advocatus
969 3644 1045 3702 de,
1077 3650 1158 3699 42,
1195 3648 1276 3700 88,
1312 3647 1424 3691 845.

703 3710 982 3759 Baldwinus
1002 3711 1077 3767 de,
1100 3715 1178 3767 74,
1203 3714 1281 3763 75,
1306 3714 1419 3765 256.
1443 3710 1558 3757 257.

473 3775 749 3830 Beveroote,
778 3778 997 3841 Roget-us
1018 3777 1094 3835 de,
1117 3780 1230 3834 287,
1245 3781 1362 3825 318.

474 3841 707 3895 Βονετεΰ,
728 3843 968 3891 Robertus
988 3843 1063 3900 de,
1088 3850 1201 3892 811.

474 3908 741 3965 Beveriere,
768 3908 1041 3956 Everardus
1061 3908 1121 3957 de
1143 3910 1202 3963 la,
1228 3912 1307 3957 85.

474 3974 748 4031 Beverlaeo,
770 3977 1032 4038 burgenses
1052 3974 1125 4030 de,
1150 3980 1264 4025 292.

700 4043 968 4103 prepositus
988 4051 1037 4089 et
1058 4042 1271 4090 canonici
1293 4040 1369 4099 de,
1392 4047 1507 4093 298.

704 4108 809 4156 Yvo
829 4108 901 4162 de,
927 4114 1039 4171 292.

475 4174 655 4227 Bibois,
679 4176 777 4223 filia
798 4186 847 4222 et
868 4177 1003 4222 heres
1022 4176 1221 4222 Roberti
1244 4173 1318 4232 de,
1343 4180 1455 4223 229.

477 4240 657 4297 Bidun,
680 4242 927 4290 ,Iohannes
949 4240 1021 4296 de.
1048 4247 1127 4298 78,
1152 4246 1265 4295 845,
1290 4248 1402 4297 846,
1425 4246 1539 4292 850.

477 4308 689 4362 maten,
719 4308 877 4355 Adam
900 4306 973 4363 de,
998 4314 1109 4363 801,
1134 4312 1246 4355 302.

476 4375 637 4437 Bigot,
661 4390 819 4422 comes
844 4375 1062 4437 Rogerus
1094 4375 1154 4429 le,
1182 4379 1291 4430 156,
1312 4378 1426 4422 827.

471 4467 637 4482 -—-—-
672 4441 828 4503 Hugo
851 4441 909 4495 le,
932 4448 1045 4490 886.

670 4507 911 4556 Robertus
938 4508 996 4562 le,
1022 4513 1134 4556 206.

669 4574 891 4637 Roget-us
912 4574 971 4632 le,
1001 4580 1109 4629 148,
1134 4578 1247 4627 821,
1278 4580 1392 4622 826.

474 4642 614 4697 Bike,
641 4642 879 4689 Robertus
901 4640 979 4696 de,
1007 4647 1085 4691 94.

473 4709 787 4762 Bikecumbe,
814 4706 1057 4755 Aluredus
1084 4706 1157 4761 de,
1182 4710 1297 4755 205-

474 4774 679 4831 Bikelai,
704 4774 899 4822 heredes
924 4773 1174 4821 willielmi
1208 4771 1283 4831 de,
1314 4778 1421 4821 194.

562 4840 567 4845 ’
703 4842 943 4889 Robertus
963 4840 1037 4897 de,
1067 4846 1179 4889 268.

475 4910 741 4965 Bikemers,
768 4906 1001 4956 Ricardus
1022 4906 1096 4963 de,
1124 4912 1200 4955 11.

475 4975 667 5034 Bikere,
697 4974 939 5023 Gemrdus
957 4973 1030 5033 de,
1059 4978 1169 5021 182.

1778 582 1978 645 Biking,
2003 581 2240 645 Rogerus,
2263 585 2380 630 847.

1779 648 1878 705 Bil,
1907 647 2166 703 Ernaldus,
2191 653 2303 703 886,
2327 650 2442 696 887.

1779 714 2052 778 Billingein.
2077 714 2249 763 Petrus
2269 713 2346 770 de,
2373 716 2484 761 171.

1780 780 1968 845 Billing
1994 782 2163 834 Parva,
2196 780 2430 829 Osbertus
2449 777 2525 835 de,
2549 784 2630 827 81.

1782 848 1966 902 Bilton,
1994 848 2242 895 Hem-icus
2262 846 2340 904 de,
2363 851 2477 896 298.

1783 914 2016 978 Binding,
2035 913 2284 969 Ricardus,
2313 917 2422 962 178.

1786 980 1924 1036 Bine,
1952 981 2196 1029 Robertus
2215 980 2276 1037 le,
2301 986 2384 1029 80.

1784 1047 2074 1104 Binendon',
2098 1047 2320 1094 monaehi
2341 1045 2418 1101 de,
2444 1051 2560 1095 194.

1787 1113 1994 1170 Bit-ikia,
2017 1112 2262 1161 ,lohannes
2295 1110 2369 1167 de,
2397 1118 2510 1162 298.

1786 1179 2107 1243 Birlingham.
2177 1179 2358 1227 Emma
2421 1188 2472 1227 et
2540 1178 2758 1229 Ymbells
2821 1197 3008 1232 sorore·

2212 1245 2416 1293 Matilde
2443 1245 2516 1301 de,
2541 1253 2655 1296 886.

2149 1312 2396 1361 Henricus
2416 1312 2491 1368 de,
2514 1318 2628 1361 884.

2145 1378 2418 1427 Joscelinus
2438 1378 2514 1436 de,
2539 1385 2653 1429 886.

2151 1444 2370 1493 Matildis
2391 1460 2514 1493 uxor
2535 1445 2768 1495 Jooeelini
2789 1446 2864 1509 de,
2888 1455 3002 1500 836.

1789 1513 1942 1571 Biset,
1968 1512 2243 1569 Anselmns,
2268 1517 2380 1559 220.

1985 1579 2246 1635 Hem-icus„
2275 1582 2384 1636 188,
2407 1582 2521 1634 240,
2545 1583 2658 1627 241.

1790 1648 1976 1707 Bissop‚
1998 1646 2257 1699 Johannes,
2285 1651 2331 1693 9.

2007 1713 2242 1775 Rogems,
2275 1714 2357 1759 25.

1788 1778 2121 1841 Bissopesdon,
2147 1777 2440 1825 willielmus
2469 1775 2544 1835 de,
2570 1780 2618 1825 7.

1790 1846 1944 1900 Bixle,
1973 1847 2142 1894 Petrus
2163 1844 2239 1898 de,
2269 1850 2382 1893 266.

1791 1911 2099 1968 Blsdewurd,
2125 1910 2424 1958 willielmus
2440 1909 2515 1970 de,
2539 1916 2655 1961 295.

1791 1980 1957 2035 make,
1985 1978 2247 2026 Nicholsus
2265 1977 2326 2035 le,
2355 1982 2465 2026 184.

1792 2046 2101 2107 Blakeberge,
2127 2044 2368 2092 Robertus
2387 2042 2461 2099 de,
2483 2048 2565 2095 55.

1790 2112 2073 2169 Blakeham,
2101 2110 2394 2160 Benedictus
2414 2108 2489 2168 de,
2513 2118 2629 2161 884.

1791 2178 2057 2226 Blakemsn
2083 2178 2304 2232 Piscator,
2329 2183 2408 2225 81.

1792 2246 2042 2301 Blakenia,
2069 2244 2248 2292 Basilia
2268 2243 2342 2301 de,
2367 2249 2448 2293 40.

2089 2310 2300 2358 Thomas
2323 2309 2395 2365 de,
2420 2316 2502 2359 40.

1795 2376 2098 2431 Blanchnrd’‚
2125 2376 2432 2431 willielmus,
2461 2383 2569 2427 168.

1795 2444 2042 2505 Blancpie‚
2068 2442 2316 2495 Ricardus.
2342 2449 2456 2493 829.

1796 2512 2024 2567 Blaston’,
2050 2509 2342 2557 willielmus
2363 2510 2436 2565 de,
2463 2517 2510 2558 8.

1798 2578 1922 2633 Blia,
1950 2576 2242 2625 willielmus
2262 2574 2337 2631 de,
2372 2582 2486 2625 812.

1799 2646 1959 2699 Bloet,
1982 2643 2234 2697 Robertus,
2271 2646 2379 2697 197,
2411 2648 2519 2692 198.

1800 2711 1991 2768 Blorus,
2012 2708 2212 2767 Alanus,
2236 2714 2315 2757 94.

1800 2776 1998 2831 Blandi,
2025 2776 2264 2823 Robertus
2288 2775 2416 2823 filius
2445 2776 2785 2837 Bar-tholomei,
2813 2788 2924 2833 104.

1798 2874 1802 2879 .
2015 2841 2258 2890 walterus
2279 2841 2406 2890 filius
2431 2842 2644 2899 Walteri.
2669 2852 2750 2895 34.

1801 2907 2041 2967 Blundus,
2069 2908 2330 2965 Gslfridus,
2368 2915 2480 2959 102.

2058 2974 2319 3033 Johannoe,
2343 2981 2425 3024 40.

2065 3040 2302 3104 Paganus,
2325 3046 2440 3092 852.

1797 3134 2028 3149 -—-
2061 3108 2364 3170 Radulphus,
2391 3114 2500 3157 176.

2063 3174 2316 3230 Robertus,
2355 3180 2467 3226 154.

2062 3241 2300 3303 Rogerus,
2337 3247 2446 3293 189.

2066 3308 2348 3369 Stephanus,
2388 3314 2498 3357 100.

2067 3374 2290 3429 Thomas,
2314 3381 2428 3424 881.

2067 3440 2308 3497 Warinus,
2337 3446 2446 3492 190.

2068 3506 2377 3563 willielmus,
2399 3514 2484 3565 41,
2507 3514 2622 3569 328,
2646 3516 2758 3559 888.

1808 3573 1948 3630 Rebi,
1977 3571 2131 3635 Hugo
2151 3572 2226 3630 de,
2252 3578 2330 3630 87,
2357 3581 2435 3632 96,
2462 3580 2540 3631 97,
2571 3583 2684 3635 193,
2707 3584 2819 3634 297,
2839 3584 2954 3630 856.

1807 3636 2036 3696 Bocland,
2065 3639 2310 3687 Galfridns
2342 3639 2414 3695 de,
2445 3647 2521 3700 14,
2551 3648 2660 3693 156.

2064 3704 2351 3767 Radulphus
2371 3706 2444 3762 de,
2468 3715 2581 3759 220.

2071 3773 2252 3819 Snnson
2272 3772 2346 3828 de,
2375 3779 2450 3822 18.

2068 3838 2360 3886 willielmus
2384 3839 2459 3899 de,
2482 3849 2594 3893 268.

1806 3907 1993 3962 Bodnn,
2019 3904 2316 3965 Radulphus,
2341 3912 2454 3958 294.

1807 3972 2073 4031 Bodehnm,
2100 3971 2394 4020 willielmus
2416 3972 2490 4030 de,
2520 3982 2632 4026 109.

1807 4038 2022 4095 Bodlers,
2046 4038 2286 4086 Robertus
2305 4038 2378 4095 de,
2409 4046 2518 4100 128,
2547 4046 2654 4097 174,
2678 4047 2790 4090 804.

1805 4106 1938 4154 Boef
1969 4105 2212 4153 Walterus
2231 4106 2292 4163 le,
2321 4112 2432 4156 217.

1807 4173 2000 4230 Bohun,
2026 4172 2329 4234 Engelgerus
2349 4172 2424 4231 de,
2448 4180 2564 4223 236.

2035 4238 2280 4286 Henricus
2301 4238 2374 4294 de,
2397 4247 2483 4289 88.

2036 4304 2310 4368 Margareta
2333 4305 2403 4361 de,
2431 4311 2512 4363 85,
2535 4312 2616 4355 86.
2639 4307 2764 4367 vide,
2791 4308 2954 4360 Boun.

1807 4371 1943 4428 Boie,
1971 4372 2240 4431 Stephanus
2259 4372 2406 4431 filius,
2428 4379 2508 4422 86.

1807 4438 1940 4490 Bois,
1967 4436 2258 4485 willielmus
2274 4438 2367 4493 del.
2395 4445 2505 4488 178.

1806 4504 2026 4561 ΒοῙεϋεο,
2053 4504 2324 4552 Her-bertus
2345 4505 2421 4561 de,
2444 4511 2557 4564 845,
2583 4512 2694 4565 850,
2719 4514 2833 4570 851,
2851 4517 2965 4562 854.

2067 4571 2223 4633 Hugo
2252 4570 2324 4627 de,
2349 4578 2461 4620 353.

2067 4636 2306 4685 Walter-us
2335 4635 2409 4693 de,
2443 4644 2522 4694 64,
2551 4646 2664 4688 148.

1804 4702 2066 4760 Bolerund,
2094 4703 2376 4764 Rndulphus
2396 4704 2470 4763 de,
2498 4712 2607 4755 118.

1803 4770 2014 4827 Bonna,
2041 4770 2296 4831 Philippus
2315 4768 2390 4827 de,
2412 4774 2493 4820 85.

1805 4837 2024 4891 Bolonia.
2048 4852 2208 4884 eomes
2237 4835 2309 4891 de,
2339 4843 2449 4895 164,
2484 4845 2598 4895 269.
2631 4844 2744 4900 ⁴270,
2771 4848 2882 4901 280,
2907 4850 3023 4895 305.

2053 4903 2231 4951 milites
2252 4903 2447 4951 honoris
2467 4904 2542 4959 de,
2579 4914 2691 4957 889.

1805 4970 2057 5028 Bonevill',
2081 4970 2328 5019 ,Iohannes
2346 4969 2422 5027 de,
2451 4976 2561 5021 197.
