3550 5759
2948 422 2995 468 p.
3018 412 3102 454 14.

756 518 1699 623 WAREWICHSCIRA
1757 518 1895 593 ET
1948 518 2901 598 LEIRCESTRSCIRA.

628 695 1067 771 Willielmus
1103 695 1636 771 Thesaurarius
1674 696 1897 771 debet
1931 696 2311 771 dimidiam
2361 721 2685 772 marcam
2740 712 2825 772 ut
2874 702 3109 773 conti-

527 824 781 895 nentia
829 820 1238 898 litterarum
1275 819 1597 895 Galfridi
1629 820 2161 921 archiepiscopi
2197 821 2683 897 Eboracensis
2720 848 2901 923 quas
2951 826 3109 924 ipse

529 950 729 1022 misit
764 947 1107 1022 Galfrido
1159 946 1314 1021 filio
1355 946 1556 1022 Petri
1602 948 2015 1047 justiciario
2062 948 2343 1021 domini
2402 948 2637 1045 Regis
2688 972 2835 1047 que
2873 948 3107 1024 fracte

528 1070 835 1147 fuerunt
884 1097 1104 1170 super
1149 1073 1598 1147 scaccarium
1650 1083 1727 1146 et
1779 1071 1975 1146 lecte
2028 1096 2273 1146 coram
2326 1072 2663 1172 predicto
2694 1071 3109 1171 justiciario

531 1209 607 1270 et
630 1194 1026 1269 Willielmo
1063 1196 1382 1270 Briwere
1417 1207 1494 1271 et
1530 1196 1880 1270 Huberto
1908 1195 2001 1269 de
2038 1195 2292 1294 Burgo
2327 1197 2729 1270 camerario
2766 1194 2997 1295 Regis
3031 1211 3112 1271 et

531 1320 1005 1396 Galfrido-de
1043 1321 1418 1396 Boclande
1470 1333 1548 1396 et
1605 1323 1957 1421 magistro
2005 1320 2404 1395 Willielmo
2458 1321 2557 1395 de
2605 1320 2999 1397 Neketone
3032 1335 3111 1396 et

534 1444 870 1520 Roberto
899 1442 1228 1521 Malduit
1253 1459 1330 1521 et
1352 1444 1718 1545 Magistro
1740 1447 1791 1524 J
1793 1445 2083 1521 ocelino
2105 1444 2552 1520 Marescallo
2576 1459 2654 1521 et
2674 1445 3110 1520 Alexandro

532 1571 625 1646 de
662 1570 852 1645 Luci
887 1582 966 1646 et
993 1571 1323 1670 Hugone
1351 1570 1734 1671 capellano
1756 1572 2173 1672 justiciario
2208 1583 2287 1646 et
2321 1572 2631 1647 Andrea
2677 1572 2771 1647 de
2806 1572 3111 1647 Scacca-

533 1697 666 1785 rio,
695 1697 1057 1771 scribatur
1087 1698 1164 1769 in
1191 1720 1462 1795 magno
1481 1694 1754 1789 rotu10,
1779 1721 1947 1796 quae
1968 1695 2133 1770 talis
2170 1708 2304 1771 est.
2360 1695 2746 1770 Galfridus
2774 1696 2923 1771 Dei
2948 1722 3109 1795 gra-

529 1822 635 1894 tia
656 1819 1151 1895 Eboracencis
1197 1819 1797 1921 archiepiscopus
1832 1833 1909 1895 et
1945 1819 2219 1919 Anglie
2265 1822 2535 1918 primas
2572 1820 2847 1897 dilecto
2871 1823 3110 1895 amico

532 1969 668 2017 suo
713 1942 1058 2018 Galfrido
1107 1944 1258 2019 filio
1301 1943 1500 2019 Petri
1552 1946 1808 2019 comiti
1845 1945 2150 2023 Essexie
2202 1945 2513 2020 salutem
2566 1957 2644 2020 et
2694 1945 3111 2020 dilectionis

530 2069 1092 2168 plenitudinem.
1180 2070 1311 2146 Ad
1345 2072 1695 2146 noticiam
1731 2084 2047 2146 vestram
2080 2072 2251 2145 satis
2288 2072 2657 2147 credimus
2690 2072 3110 2168 pervenisse

532 2217 666 2267 nos
745 2194 991 2268 divine
1069 2196 1362 2293 pietatis
1441 2197 1718 2270 intuitu
1804 2196 2201 2271 contulisse
2274 2195 2642 2295 Magistro
2713 2193 3111 2269 Willielmo

531 2318 812 2391 domini
866 2318 1098 2417 Regis
1148 2317 1600 2393 thesaurario
1644 2318 1851 2418 juste
1897 2330 1975 2393 et
2025 2320 2381 2394 canonice
2428 2317 3109 2392 archidiaconatum

533 2440 988 2517 Clivelande.
1079 2442 1180 2517 Et
1206 2444 1379 2542 quia
1403 2442 1702 2542 quidam
1730 2444 2354 2518 excommunicati
2388 2443 2619 2517 nostri
2655 2443 2783 2540 qui
2816 2440 3109 2516 ecclesi-

529 2568 836 2642 asticam
872 2580 1416 2668 contempnunt
1449 2592 1836 2643 censuram
1872 2579 1949 2642 et
1967 2566 2124 2669 jam
2154 2567 2547 2666 plusquam
2574 2565 2879 2640 dimidio
2916 2591 3110 2640 anno

529 2705 901 2769 transacto
939 2697 1018 2768 in
1065 2676 1847 2769 excommunicatione⁶
1883 2674 2365 2792 perstiterunt
2412 2690 2829 2790 predictum
2878 2691 3112 2765 archi-

531 2819 1006 2895 diaconatum
1087 2843 1456 2919 occupare
1537 2820 1879 2892 nituntur
1961 2816 2173 2891 vobis
2254 2815 2687 2889 mandamus
2766 2829 3109 2914 rogantes

529 2948 874 3043 quatinus
918 2946 978 3018 si
1024 2968 1209 3042 quos
1263 2944 1400 3017 sibi
1450 2945 1871 3018 resistentes
1929 2942 2295 3017 invenerit
2354 2943 2747 3041 quominus
2804 2941 3111 3039 pacifica

526 3069 854 3168 gaudeat
917 3069 1376 3168 possessione
1429 3092 1571 3153 eos
1636 3079 1990 3164 tanquam
2063 3068 2743 3141 excommunicatos
2819 3079 3108 3141 nostros

527 3193 938 3268 secundum
1026 3191 1639 3270 consuetudinem
1703 3193 1914 3289 regni
1988 3191 2225 3267 laicali
2290 3203 2656 3290 potestate
2733 3192 3107 3266 coherceri

528 3320 835 3396 faciatis.
941 3319 1229 3396 Valete.

2954 3462 3005 3506 p.
3024 3452 3106 3494 42.

730 3558 1761 3635 GLOECESTRESCIRA
1809 3558 1947 3633 ET
1990 3558 2903 3635 STAFFORDESIRA.

636 3734 1000 3808 Homines
1036 3734 1130 3808 de
1166 3731 1630 3806 Gloecestria
1680 3731 2007 3807 reddunt
2040 3744 2470 3831 compotum
2506 3733 2602 3808 de
2637 3788 2654 3806 .
2676 3757 2805 3806 xl„
2837 3734 3101 3806 marcis

529 3884 666 3959 pro
701 3857 1042 3932 habenda
1073 3855 1574 3931 benivolentia
1610 3856 1842 3953 Regis
1879 3859 2049 3956 quia
2083 3882 2235 3933 non
2285 3869 2769 3956 respexerunt
2803 3881 2973 3930 eum
3011 3857 3103 3931 de

529 3983 872 4081 lampreis
893 3982 1062 4055 suis,
1154 3981 1246 4055 In
1269 3979 1615 4054 thesauro
1638 4005 1790 4053 ‚xx.
1816 4005 2118 4055 marcas.
2206 3981 2307 4055 Et
2326 3981 2603 4056 debent
2624 4008 2773 4055 .xx.
2798 4006 3100 4056 marcaS.

636 4185 1010 4260 Henricus
1072 4184 1165 4258 de
1229 4182 1478 4257 Minar
1529 4210 1622 4257 .v.
1662 4208 1945 4257 marcas
2014 4209 2149 4283 pro
2210 4183 2626 4259 claudendo
2684 4184 2911 4259 bosco
2972 4209 3105 4259 suo

517 4309 741 4409 juxta
767 4309 1071 4382 domum
1107 4331 1311 4381 suam
1341 4318 1416 4381 et
1451 4306 1546 4380 ad
1571 4332 1877 4405 parcum
1911 4306 2333 4383 faciendum
2370 4311 2444 4381 in
2467 4307 2881 4381 Westbiria.
2985 4307 3107 4380 De

535 4435 800 4534 quibus
841 4433 942 4507 H.
983 4434 1076 4509 de
1121 4432 1413 4507 Neville
1466 4436 1901 4533 recognovit
1952 4435 2155 4531 quod
2207 4435 2431 4508 debet
2474 4432 2920 4532 respondere
2972 4456 3105 4529 per

531 4560 755 4634 breve
793 4582 1032 4632 suum.

2954 4700 3005 4744 p.
3026 4688 3105 4731 40.

639 4800 1014 4875 Robertus
1051 4798 1315 4898 Toppe
1369 4799 1461 4872 de
1515 4798 1761 4873 Bristo
1798 4825 2021 4873 ‚xxx.
2054 4825 2330 4874 marcas
2382 4824 2517 4899 pro
2567 4798 2909 4873 habenda
2966 4823 3109 4872 ser-

524 4924 841 5021 janteria
877 4928 1070 4999 sicut
1106 4926 1530 5000 continetur
1565 4926 1638 4996 in
1683 4923 1965 4999 Rotulo
2002 4927 2260 5021 prim0.
