3550 5759
1140 436 1384 487 INDEX
1419 438 1778 491 monum(
1793 442 2203 508 -monmmn'
2231 452 2256 494 7
2285 446 2598 510 Sunmncn').

591 576 982 637 Tedwardoetrie,
1005 578 1313 631 hundredum
1334 580 1411 643 de,
1436 589 1548 633 833.

591 645 801 705 Test'ord,
824 651 938 704 321,
973 652 1087 696 822.

586 712 849 773 Tarenton,
870 722 998 762 terre
1018 712 1092 770 de.
1119 719 1233 763 822.

586 819 777 871 Vanam
802 818 992 877 Rodeli.
1014 836 1201 871 camera
1222 819 1372 887 Regia
1392 822 1539 886 apud,
1570 830 1685 876 834.

1933 584 2224 648 Wnlenhnm,
2246 594 2362 639 321.

1928 652 2117 710 wallia,
2141 656 2414 720 scutagium
2433 656 2512 717 de,
2532 664 2645 708 926.

1928 718 2118 777 Wnthe,
2148 720 2290 769 firma
2307 721 2388 781 de,
2412 728 2527 775 825.

1927 786 2218 853 Wermegni,
2240 789 2393 837 honor
2413 790 2630 841 militum
2648 789 2724 849 de,
2747 796 2862 850 885,
2885 798 2998 843 888.

1928 851 2080 909 Wien,
2105 854 2221 902 villa
2241 853 2317 913 de,
2341 862 2456 906 824.

587 930 854 995 wainford,
874 934 1013 985 firma
1032 941 1159 984 verre
1177 934 1245 991 in,
1269 939 1384 986 825.
1928 918 2138 979 Wfl‘ss’·
2165 926 2279 971 ³³4·

1564 1465 2181 1557 NORHANTSR.

580 1640 905 1703 Abbodm,
924 1642 1234 1695 hundredum
1252 1644 1329 1702 dn,
1350 1650 1433 1696 74.
1916 1652 2211 1717 Middelton,
2229 1656 2368 1735 fifmu
2390 1655 2468 1716 de,
2491 1663 2571 1709 89.

580 1760 752 1809 Reum
768 1760 916 1817 ¹⁰⁶⁰&
942 1766 1025 1811 87·
1917 1787 2163 1849 Mol-etun,
2183 1722 2676 1851 fegdssulgzudgebghss&

583 1826 926 1877 Berehamsted
946 1830 1115 1887 honor,
1136 1834 1218 1886 82,
1237 1834 1321 1877 ’88.

582 1893 812 1951 Berireld,
837 1902 1031 1957 pastun
1050 1893 1194 1956 apud,
1215 1901 1294 1944 86.

581 1960 865 2016 Bemewall,
890 1960 1140 2025 tallagium
1162 1960 1235 2018 de,
1268 1966 1349 2010 86.

578 2025 797 2086 Boeiath,
828 2032 910 2075 84.

578 2092 777 2152 Brakel,
799 2092 960 2140 villata
980 2090 1056 2150 de,
1081 2098 1161 2141 80.

580 2159 881 2217 Brikestoch,
901 2157 1075 2207 domus
1095 2158 1247 2224 Regis
1266 2159 1341 2217 de,
1364 2164 1444 2211 74.

580 2224 754 2288 Burg’,
779 2229 860 2284 75,
879 2230 959 2283 76,
984 2228 1064 2282 77,
1086 2229 1168 2285 78,
1192 2232 1275 2285 84,
1298 2234 1379 2276 88.

806 2292 1020 2339 maneria
1049 2293 1229 2341 ablutis
1252 2292 1331 2353 de,
1353 2298 1435 2343 82.

578 2356 949 2422 Bustardesleg’,
970 2357 1109 2408 firma
1138 2368 1265 2409 ten-e
1284 2359 1362 2418 de,
1384 2366 1465 2412 89.

577 2471 886 2529 Cantebrsir',
908 2477 989 2521 83.

578 2538 783 2595 chokes,
806 2539 1078 2603 scutagium
1099 2538 1293 2589 honoria
1313 2538 1390 2603 de,
1411 2547 1493 2602 78,
1516 2548 1597 2602 82,
1619 2548 1701 2593 88.

576 2605 729 2664 Clive,
754 2611 834 2664 74,
858 2611 938 2654 88.

770 2672 911 2720 firma
930 2672 1009 2731 de,
1030 2676 1109 2723 76.

576 2737 837 2797 ΟοίωηὴὶΙ,
861 2738 1025 2786 villata
1042 2738 1119 2797 de,
1154 2746 1234 2789 80.

574 2803 739 2865 Corbi,
761 2803 1066 2854 hundredum
1087 2806 1162 2864 de,
1187 2812 1267 2855 81.

770 2871 932 2920 villata
955 2871 1029 2929 de,
1057 2877 1138 2923 88.

574 2936 833 2994 eomubia,
857 2943 937 2988 76.

574 3003 822 3061 Coventr’,
845 3008 929 3054 79.

862 3070 1103 3131 prlorntus
1122 3070 1197 3127 de,
1219 3074 1298 3128 78,
1316 3077 1397 3123 89.

567 3184 834 3243 Dodinton,
858 3188 939 3234 74.

571 3248 757 3310 Doure,
779 3253 934 3298 honor
953 3249 1028 3309 de,
1053 3255 1133 3300 88.

572 3314 783 3373 Duston,
804 3317 944 3365 firma
964 3315 1038 3376 de,
1062 3322 1143 3374 79,
1179 3320 1259 3366 84.

568 3427 813 3485 Falesleia,
849 3435 932 3479 74.

850 3494 947 3545 duo
967 3496 1218 3546 hundreda
1235 3495 1313 3557 de,
1335 3505 1415 3550 82.

568 3560 829 3624 Fet-ingbo‚
849 3560 986 3610 firma
1005 3562 1079 3621 de,
1114 3568 1143 3613 7
1148 3572 1195 3615 9.

567 3626 887 3691 Feringhode,
908 3629 1176 3679 manerium
1209 3631 1285 3691 de,
1308 3636 1389 3683 79.

568 3742 837 3802 Gaitinton,
859 3744 943 3791 74.

567 3809 775 3865 Gloecr’,
796 3810 952 3857 honor
973 3808 1049 3869 de,
1074 3814 1153 3869 78,
1177 3818 1259 3861 88.

564 3924 771 3981 Hnlsho,
794 3922 957 3972 villata
975 3922 1050 3983 de,
1075 3931 1155 3974 80.

564 3991 803 4047 Heeham,
828 3992 907 4047 77,
928 3996 1006 4049 79,
1031 3996 1148 4041 819.

854 4057 991 4105 firma
1009 4056 1084 4115 de,
1104 4061 1131 4105 7
1138 4064 1184 4107 9.
1386 4116 1391 4121 ὓ

750 4148 819 4161 --
848 4121 1153 4172 hundredum
1185 4122 1259 4181 de,
1286 4129 1365 4175 77.

850 4206 1023 4251 parcus
1038 4188 1114 4243 de.
1140 4192 1168 4239 7
1174 4194 1219 4239 7.

836 4272 946 4304 00oe
961 4256 1037 4314 de,
1058 4259 1139 4306 79.

846 4323 1099 4387 tallagium
1120 4320 1193 4378 de,
1232 4326 1309 4372 78.

844 4388 1011 4437 villata
1026 4388 1101 4447 de,
1136 4395 1216 4439 80.

552 4452 765 4509 Hoewn,
788 4454 929 4503 firma
949 4455 1023 4511 de,
1060 4461 1141 4505 79.

550 4564 793 4626 Kelmers,
815 4572 895 4617 85.

545 4678 789 4739 Lineoln',
810 4684 889 4729 75.

806 4746 1103 4807 episcopatus
1122 4744 1199 4804 ὼ,
1222 4749 1299 4795 87.

544 4811 755 4870 Luffeld‚
779 4815 859 4861 74.

541 4926 740 4984 Mabos,
761 4930 844 4977 77.

542 4992 857 5056 Merleberge,
881 4998 960 5051 75,
984 4998 1061 5043 76.

2164 1856 2320 1905 honor
2339 1855 2414 1917 de,
2437 1862 2518 1916 87,
2543 1864 2622 1908 88.

1917 1969 2195 2031 Nereinton,
2217 1976 2299 2023 74.

2239 2038 2547 2093 hundredum
2567 2040 2643 2102 de,
2664 2046 2745 2093 74.

2231 2105 2347 2153 villa
2369 2106 2444 2167 de,
2465 2112 2546 2158 74.

1913 2168 2237 2229 Nox-hanton’,
2263 2176 2342 2228 74,
2380 2178 2460 2233 75,
2495 2181 2575 2236 82,
2619 2182 2701 2236 88,
2737 2184 2821 2236 99,
2869 2184 2980 2239 loe,
3023 2186 3132 2240 186,

2308 2244 2421 2297 188,
2445 2246 2556 2301 195,
2590 2248 2705 2303 270,
2729 2250 2844 2303 859,
2867 2253 2981 2298 361.

2115 2328 2237 2340 -—-
2269 2306 2453 2370 burg-uu
2473 2307 2547 2366 de,
2572 2312 2650 2359 75.

1911 2392 2238 2407 ————-
2269 2373 2518 2422 castellum
2551 2374 2627 2435 de,
2650 2380 2731 2434 74,
2756 2382 2838 2429 75.

2273 2450 2570 2490 crementum
2587 2443 2842 2495 comitanus
2854 2446 2930 2505 de,
2954 2452 3035 2507 74,
3051 2454 3132 2500 75.

1910 2524 2241 2541 ----
2273 2502 2443 2554 domus
2467 2506 2691 2573 fleg-isin
2711 2520 2866 2561 cestu-o
2895 2514 2971 2571 de,
2995 2520 3076 2565 74.

2271 2568 2408 2619 firma
2423 2572 2496 2632 de,
2522 2579 2602 2631 ⁷5,
2621 2580 2734 2635 859,
2755 2584 2870 2628 861.

2433 2640 2576 2705 burgi
2597 2641 2676 2703 de,
2701 2648 2780 2693 75.

1907 2724 2238 2741 -———
2268 2704 2444 2753 forata
2463 2704 2536 2763 de,
2567 2711 2648 2757 75.

1907 2791 2238 2809 ——-—-
2268 2786 2440 2831 pareus
2459 2771 2536 2831 de,
2560 2778 2640 2824 74.

2266 2844 2394 2887 terre
2417 2848 2554 2889 extra
2573 2852 2762 2902 portam
2779 2842 2854 2899 de,
2877 2850 2958 2896 89.
2991 2876 2996 2881 -

2265 2902 2381 2951 villa
2401 2902 2475 2963 de,
2503 2909 2580 2957 75.

1910 2962 2225 3025 Norhnnts’r’,
2267 2973 2348 3027 14,
2394 2976 2503 3029 142,
2552 2979 2662 3034 162,
2703 2982 2816 3035 281,
2855 2984 2968 3037 289,
3014 2986 3128 3043 809,

2328 3042 2442 3096 817,
2465 3044 2578 3097 319,
2602 3046 2716 3100 859,
2749 3048 2864 3093 862.

2265 3100 2404 3150 firma
2423 3102 2499 3164 de,
2523 3110 2602 3155 78.

1906 3162 2113 3223 Norton,
2134 3169 2214 3224 74,
2237 3172 2351 3218 319.

2133 3230 2270 3280 firma
2289 3232 2365 3293 de,
2400 3238 2479 3285 75.

1905 3293 2136 3358 Nortorp,
2165 3299 2383 3358 terrain,
2407 3306 2486 3350 84.

1905 3360 2235 3426 Notingham',
2263 3372 2344 3416 74.

2261 3433 2414 3481 honor
2435 3434 2510 3494 de,
2532 3441 2612 3484 88.

2459 3500 2520 3551 de
2545 3502 2754 3553 Peverell
2776 3505 2851 3565 de,
2873 3512 2952 3555 88.

1905 3610 2029 3669 Peri,
2051 3611 2187 3659 firma
2202 3610 2276 3672 de,
2299 3619 2379 3665 79.

1901 3674 2128 3735 Peverell,
2149 3680 2305 3727 honor
2325 3678 2402 3741 de,
2423 3688 2503 3733 88.

1901 3740 2140 3803 Pipewell,
2162 3750 2242 3791 81.

1815 3858 1825 3867 ,
1901 3808 2154 3869 Pitoehnle,
2189 3819 2316 3861 verm
2334 3813 2401 3874 in,
2422 3821 2506 3866 84.

1899 3912 2157 3975 selveston,
2181 3922 2260 3967 74.

2180 3982 2350 4033 domus
2375 3986 2524 4051 Regia
2553 3991 2607 4039 in
2629 3991 2820 4042 moeno
2841 3993 2917 4056 de,
2941 4002 3024 4049 74.

2189 4050 2328 4099 firma
2348 4051 2422 4109 de,
2448 4058 2528 4103 75.

1899 4112 2227 4179 Sehitelangr’,
2247 4128 2375 4167 terra
2396 4118 2476 4181 de,
2497 4126 2576 4171 84.

1898 4179 2135 4240 Stansord,
2158 4188 2238 4233 74.

1896 4246 2079 4305 Stokes,
2113 4254 2193 4299 74.

1894 4312 2074 4371 Sulebi,
2097 4314 2233 4364 firma
2258 4316 2332 4374 de,
2357 4322 2437 4369 79.

1893 4379 2098 4440 Sutton',
2123 4384 2203 4430 74.

2119 4447 2426 4499 hundredum
2455 4451 2531 4511 de,
2555 4460 2634 4505 74.

2117 4513 2216 4563 duo
2237 4516 2488 4567 hundreda
2508 4518 2583 4580 de,
2600 4526 2680 4571 82.

1890 4626 2136 4687 Teinford,
2170 4638 2297 4679 term
2318 4630 2394 4691 de,
2415 4640 2494 4684 88.

1888 4694 2094 4755 finden,
2119 4700 2198 4755 74,
2223 4703 2302 4747 89.

2111 4762 2251 4812 firma
2271 4764 2346 4823 de,
2371 4772 2450 4817 75.

2113 4830 2277 4880 villata
2297 4831 2372 4891 de,
2402 4838 2481 4884 78.

1885 4892 2032 4955 Torp,
2056 4900 2136 4955 74,
2161 4900 2240 4946 75.

1887 5001 2067 5063 Upton,
2103 5010 2182 5053 74.
