3550 5759
0 5075 103 5112 ⁸0·

1403 456 1647 508 INDEX
1681 451 2063 504 NOMINUM.

475 616 724 669 Heu-time,
751 610 1043 661 willielmus
1063 606 1138 665 de,
1160 611 1241 655 81.
1818 596 1976 660 Hugo
2007 595 2136 644 fflius
2173 591 2298 651 Ede,
2333 597 2446 644 297.

475 681 824 737 Hertredebir’,
852 677 1093 724 Walterus
1114 673 1188 731 de,
1214 675 1327 721 228.
2177 659 2316 715 Ensi.
2341 666 2455 710 294.

473 748 756 810 Hem-epol,
781 744 1005 793 homines
1025 741 1100 795 de,
1127 746 1241 790 299.
2183 726 2370 780 Gamel.
2395 729 2508 783 285,
2533 730 2647 775 294.

477 816 678 872 Hervei,
696 810 1022 867 decennarius,
1046 814 1157 857 829.
1814 821 2144 831 ———
2183 793 2454 856 Gen-nagan,
2482 797 2596 841 304.

698 879 945 927 Hernicus
966 875 1111 933 filius,
1134 877 1248 921 281.
1815 886 2146 898 ————-·
2183 858 2427 917 Godwini,
2451 864 2565 907 818.

699 946 932 994 osbertus
946 942 1093 998 filius,
1117 945 1228 989 334.
1815 953 2145 964 ——-
2182 927 2373 982 Hauon,
2411 930 2522 973 184.

696 1011 987 1060 willielmus
1008 1008 1153 1061 filius,
1181 1009 1293 1061 184,
1324 1007 1437 1051 822.
1807 1008 2146 1030 ·——-
2181 992 2430 1047 Herberti,
2452 996 2570 1040 814.

477 1081 702 1129 nemus
720 1078 850 1127 filius
876 1074 1141 1134 Radulphi,
1164 1076 1275 1120 176.
2181 1058 2428 1122 Hugonis,
2451 1064 2534 1107 59.

876 1140 1091 1195 Εοδοηί,
1120 1142 1229 1187 188.
1818 1123 2514 1172 ————-—de
2525 1122 2772 1181 Morevin,
2785 1127 3046 1182 59,60,61.

876 1207 1059 1268 Toppe,
1089 1209 1199 1253 176.
1820 1218 2150 1230 ----
2181 1190 2406 1249 Leswini,
2431 1194 2546 1239 285.

876 1272 1095 1329 walteri,
1119 1275 1198 1319 41.

480 1344 716 1401 Bet-well,
742 1340 1007 1390 Nicholaus
1030 1336 1107 1394 de,
1127 1342 1243 1387 849.

480 1411 755 1474 Hespdter,
777 1407 813 1458 J
816 1406 977 1455 aliana
999 1420 1123 1452 uxor
1148 1398 1361 1456 mardi,
1384 1402 1504 1447 352.

2183 1256 2403 1315 matilde,
2441 1261 2555 1309 297.

2183 1323 2386 1379 Οάοηίε,
2421 1331 2467 1380 9,
2505 1328 2587 1372 82.

2191 1389 2454 1451 Radulphi,
2489 1394 2574 1447 48,
2609 1393 2720 1440 169.

783 1471 1032 1525 Rima-dus,
1059 1474 1173 1519 852.
2187 1456 2454 1518 Rnnulphi,
2477 1459 2592 1507 295.

481 1546 689 1600 Ηειιοῐι,
720 1542 943 1603 Rogerus
964 1536 1042 1594 de,
1069 1542 1181 1584 114.
2189 1523 2407 1581 Roberti,
2447 1527 2556 1577 141,
2596 1526 2707 1581 142,
2745 1526 2857 1572 185.

481 1610 737 1664 Hibernia,
764 1606 993 1654 warinus
1013 1602 1088 1659 de,
1112 1608 1193 1651 54.
1821 1616 2151 1628 ———
2191 1589 2386 1653 Rogati,
2411 1594 2524 1637 818.

482 1676 845 1731 Hibernienses,
870 1677 987 1720 239.

482 1742 634 1800 Ηίᾶι,
658 1743 801 1789 abbas
822 1737 895 1793 de,
925 1742 1034 1790 196,
1070 1738 1182 1789 247,
1220 1736 1338 1787 249,
1372 1730 1491 1785 255,
1526 1731 1639 1775 262.

667 1805 899 1855 Fulchius
920 1800 997 1859 de,
1027 1806 1139 1849 149.

2187 1788 2458 1843 Wiuieimi,
2493 1793 2574 1843 20,
2615 1790 2724 1835 154.

665 1871 878 1920 Wulfeia
898 1870 1043 1916 abbas
1062 1865 1138 1923 de,
1165 1870 1279 1915 250.
1823 1884 1958 1897 —-
1987 1855 2136 1903 stater
2195 1853 2517 1917 procuratoris
2569 1853 2750 1901 abbatis
2808 1845 3030 1915 MaJoris'

482 1938 787 1996 Hildoetede,
812 1934 1100 1995 Radulphus
1120 1931 1195 1989 de,
1221 1934 1334 1979 218.
2026 1920 2332 1978 Monam-ii,
2356 1926 2436 1969 24.

488 2008 684 2064 Hilton,
708 2003 949 2053 Yervereh
970 2000 1047 2057 de,
1076 2005 1183 2048 114.
1991 1988 2182 2051 plegius
2206 1987 2464 2043 flamonia,
2486 1991 2562 2035 10.

487 2074 686 2131 Hintes,
711 2071 932 2133 Rogems
952 2065 1029 2125 de,
1054 2071 1136 2115 51·
1833 2054 2078 2119 Hugonis,
2107 2053 2383 2102 Alexander
2403 2052 2546 2107 filius,
2573 2054 2686 2101 258.

484 2139 703 2201 Hitling,
726 2137 947 2201 Rogatus
968 2133 1042 2189 de,
1074 2138 1187 2181 818.
2110 2121 2268 2185 Hugo
2288 2120 2430 2176 filius,
2457 2123 2536 2168 59.

487 2207 592 2266 Ho,
613 2204 841 2267 magister
865 2200 1157 2251 willielmus
1177 2196 1252 2255 de,
1270 2202 1385 2247 290.
2107 2186 2356 2237 Johannes
2376 2186 2518 2242 filius,
2558 2188 2640 2243 58,
2674 2189 2758 2241 62,
2793 2188 2907 2243 257,
2940 2190 3054 2245 258,

484 2299 585 2309 -
615 2269 901 2331 Radulphus
923 2268 999 2323 de,
1018 2272 1101 2316 29.
2159 2259 2271 2309 259,
2308 2259 2420 2307 260,
2457 2258 2568 2301 268.

484 2366 585 2377 —
620 2337 831 2385 Thomas
852 2334 930 2393 de,
964 2339 1077 2389 246,
1114 2338 1229 2380 248.
2107 2318 2379 2369 Joscelinus
2397 2319 2543 2371 filius.
2563 2323 2679 2366 888.

490 2406 703 2461 Ῑ-Ῑοοωιι,
732 2402 951 2450 Matildis
972 2399 1051 2457 de,
1076 2403 1155 2448 87.
2109 2386 2352 2449 Man-geria
2373 2385 2487 2443 fllia,
2516 2388 2624 2433 155.

722 2467 963 2517 Siwardus
983 2466 1057 2520 de,
1080 2470 1194 2513 140.
2106 2452 2167 2501 de
2201 2452 2450 2509 Morewio,
2492 2450 2648 2514 Hugo
2680 2451 2822 2508 filius,
2856 2454 2936 2508 59,
2975 2457 3057 2509 60,

723 2535 1016 2583 willielmus
1036 2530 1115 2591 de,
1140 2536 1253 2580 178.
2157 2524 2238 2568 61.

726 2603 831 2650 Yvo
851 2600 926 2658 de,
944 2606 1061 2648 327.
2108 2583 2170 2633 de
2217 2584 2392 2641 Nevill,
2445 2583 2692 2631 Hem-ima
2751 2582 2896 2642 filius,
2947 2587 3059 2641 185,

491 2671 645 2725 Hodi,
676 2670 959 2729 Stephanus,
984 2670 1097 2714 227.
2167 2655 2276 2699 187.

493 2738 684 2787 Hoelus
705 2735 833 2783 filius
860 2731 1101 2797 Mor-gani,
1124 2734 1205 2779 34.
2113 2716 2376 2765 Nicholaus
2391 2715 2534 2770 fflius,
2557 2720 2671 2765 327.

493 2802 708 2859 Holand‚
726 2802 947 2849 hominen
965 2798 1040 2856 de,
1067 2802 1175 2845 186.
2116 2782 2352 2831 Rioerdus
2367 2782 2509 2840 filius,
2538 2786 2611 2829 12.

494 2870 818 2923 Holeu1tram,
838 2869 984 2915 abbas
1001 2864 1076 2921 de,
1100 2868 1179 2918 68,
1216 2866 1296 2918 69,
1332 2863 1412 2909 71.
1832 2876 2097 2889 ———
2118 2850 2358 2898 Robertus
2377 2847 2520 2904 filius,
2546 2852 2627 2905 81,
2661 2852 2743 2895 84.

2117 2917 2338 2981 Rogerus
2359 2914 2500 2969 filius,
2525 2918 2608 2967 59,
2646 2918 2755 2963 176.

2115 2982 2358 3031 Walter-us
2379 2980 2522 3035 filius,
2547 2985 2660 3028 348.

2116 3048 2407 3097 Willielmus
2423 3046 2566 3105 filius,
2584 3050 2663 3095 86.

845 2931 1066 2980 monachi
1090 2928 1164 2986 de,
1189 2932 1271 2976 70.

497 3004 763 3059 Holebeoh,
786 3000 1041 3047 Haldanus
1061 2996 1135 3051 de,
1165 3000 1277 3042 184.

782 3065 1074 3114 willielmus
1094 3062 1169 3115 de.
1193 3066 1274 3109 72.

498 3134 751 3193 Holeford,
778 3134 988 3181 Thomas
1010 3129 1085 3184 de,
1108 3133 1221 3185 219,
1256 3130 1369 3175 221·
1833 3140 2557 3152 ——-———--——
2593 3112 2794 3161 Roberti
2815 3111 2919 3170 filii,
2943 3116 3063 3162 305.

500 3204 757 3265 Helegate,
779 3200 1027 3249 Johannoe
1046 3194 1122 3252 de,
1148 3198 1263 3243 297.
1841 3182 2121 3241 Hulecotes,
2151 3181 2400 3242 Philippus
2421 3178 2495 3237 de,
2519 3184 2633 3228 820.

499 3269 702 3322 Holflet,
729 3262 1056 3316 Herewardus
1076 3261 1151 3317 de,
1180 3265 1289 3309 179.
1840 3248 1982 3307 Hun,
2012 3248 2258 3296 Hem-icus
2290 3246 2368 3304 de,
2392 3251 2469 3294 11.

498 3336 767 3392 Honorius,
801 3332 1043 3395 magister,
1076 3334 1156 3383 62,
1192 3331 1308 3375 302.
1842 3315 2048 3372 Hulmo,
2071 3316 2212 3362 abbae
2235 3313 2311 3372 de,
2334 3318 2448 3363 888.

496 3404 784 3455 Hornioote,
814 3396 1073 3447 Gervasius
1090 3392 1165 3449 de,
1188 3396 1271 3442 95.
2066 3380 2275 3429 Jacobus
2294 3379 2369 3437 de,
2396 3384 2506 3427 166.

501 3467 821 3522 Homindon,
840 3461 1163 3526 Berengarius
1184 3458 1258 3514 de,
1285 3460 1395 3506 159.
2070 3446 2364 3494 willielmus
2385 3444 2458 3500 de,
2484 3450 2597 3502 308,
2633 3448 2747 3501 314,
2783 3450 2896 3493 344.

502 3535 747 3598 Horsleg’‚
773 3532 925 3582 Fu1co
945 3530 1018 3584 de,
1048 3532 1158 3576 181.
1843 3514 2052 3568 Humor,
2071 3514 2207 3561 heres
2233 3511 2446 3573 Phffippi
2471 3509 2543 3568 de,
2569 3516 2649 3566 59,
2687 3516 2767 3560 60.

503 3606 654 3659 Hane,
684 3599 946 3655 Galfridus,
976 3601 1085 3652 111,
1121 3598 1234 3649 226,
1270 3594 1386 3638 229.
2077 3578 2365 3639 Ranulphus
2383 3577 2458 3633 de,
2476 3583 2592 3626 284.

500 3693 668 3709 -—-
687 3667 951 3723 Hem-ioue,
974 3666 1053 3717 55,
1090 3664 1204 3716 284,
1241 3661 1353 3705 238.
2073 3644 2366 3692 willielmus
2417 3644 2489 3699 de,
2543 3648 2622 3699 74,
2654 3649 2736 3703 89,
2788 3650 2896 3700 164,
2954 3652 3065 3702 193,

501 3732 977 3781 ——Willielmus
996 3728 1057 3775 de
1078 3727 1139 3782 la,
1165 3732 1247 3783 22,
1282 3727 1395 3772 354.
2105 3715 2216 3766 245,
2252 3716 2368 3767 263,
2405 3716 2517 3767 280,
2553 3714 2668 3760 355.

507 3805 682 3855 noser,
711 3800 895 3855 simon,
919 3802 1034 3844 223.
1844 3776 2216 3834 Hundredman,
2251 3775 2500 3832 Rimrdus,
2526 3783 2606 3825 23.

505 3866 839 3929 Hospitalarii,
879 3867 988 3918 153,
1027 3864 1136 3909 158.
1845 3842 2131 3901 Huntedon,
2159 3842 2440 3890 Baldwinus
2463 3841 2536 3898 de,
2563 3848 2670 3892 140.

2149 3908 2370 3958 canonici
2391 3908 2465 3967 de,
2491 3914 2601 3968 135,
2640 3914 2749 3959 186.

2153 3976 2385 4023 moniales
2399 3974 2474 4032 de,
2515 3981 2624 4034 185,
2663 3980 2772 4025 186.

2153 4042 2313 4091 telarii
2333 4042 2406 4099 de,
2433 4048 2542 4093 137.

2156 4109 2399 4157 Walter-us
2419 4106 2494 4164 de,
2523 4114 2632 4159 191.

506 3932 777 3995 Hospitalis
803 3928 993 3993 Regine
1016 3923 1211 3980 infirmi,
1236 3928 1315 3970 28.

507 3997 801 4053 Hostiarius,
823 3996 965 4051 Milo,
990 3998 1103 4042 225.

508 4071 717 4119 Hotton,
744 4060 983 4111 Rieu-dus
1002 4058 1079 4115 de,
1106 4059 1215 4105 176.

510 4137 708 4189 Hottot,
735 4130 891 4193 Hugo
906 4125 981 4183 de,
1004 4130 1118 4175 313.

738 4198 1015 4259 Mag-treta
1034 4191 1109 4248 de,
1128 4195 1175 4237 8.
2155 4174 2449 4224 willielmus
2470 4174 2546 4229 de,
2569 4179 2653 4224 76.

508 4265 757 4329 Roubrig,
780 4261 1008 4325 magister
1034 4253 1291 4306 Gervasius
1310 4250 1386 4310 de,
1408 4255 1521 4300 328.
1848 4239 2200 4297 Huntedonsr’,
2241 4242 2405 4289 Homo
2442 4240 2502 4289 de
2543 4240 2771 4289 Valomes
2809 4240 3073 4289 vicecomes

509 4336 742 4387 Houtun,
768 4328 929 4377 Adam
949 4325 1025 4383 de,
1050 4328 1161 4373 252.
1979 4306 2053 4365 de,
2081 4312 2191 4366 135,
2233 4313 2342 4367 136,
2379 4313 2490 4365 137,
2532 4311 2641 4364 138,
2681 4312 2791 4355 141.

515 4403 586 4449 H.
612 4412 746 4461 pater
768 4394 934 4459 Regis,
965 4399 1038 4446 16,
1066 4395 1143 4444 25,
1168 4394 1248 4443 69,
1272 4388 1386 4435 291.
1851 4374 2063 4431 Ηιιιιιεὶ,
2085 4374 2328 4423 walterus
2347 4372 2422 4432 de,
2445 4380 2527 4423 39.

513 4464 743 4519 Huberti,
769 4458 915 4524 Ting’
931 4459 1073 4516 filius,
1100 4461 1214 4507 314.
1851 4439 2194 4505 Huntingfeld,
2225 4441 2444 4504 Roget-us
2466 4439 2541 4496 de,
2577 4444 2686 4492 111,
2725 4444 2838 4488 339.

519 4536 773 4583 Hubertus
795 4526 1097 4582 camerarius,
1122 4528 1202 4570 24.
1852 4507 2076 4566 Hurleia,
2093 4508 2316 4555 monachi
2337 4506 2412 4563 de,
2439 4510 2553 4565 258,
2589 4512 2705 4564 259,
2739 4510 2856 4555 261.

511 4626 641 4643 ...—
798 4594 926 4641 filius
952 4588 1176 4646 Galfridi,
1198 4591 1313 4635 330.
1853 4574 2078 4632 Husoerl,
2108 4573 2334 4629 Rudent,
2371 4578 2485 4621 266.

945 4658 1167 4709 Lievene,
1194 4659 1308 4702 882.
1854 4640 2010 4699 Hune,
2037 4638 2288 4688 Galfridus
2311 4637 2370 4686 de
2387 4637 2444 4694 la,
2473 4644 2586 4689 262.

951 4721 1214 4783 Radutphh
1232 4724 1347 4767 319.
1853 4706 2138 4764 Husenden,
2165 4704 2408 4753 Edmarus
2427 4703 2501 4761 de,
2527 4711 2642 4756 219.

940 4786 1153 4845 Ricardi,
1184 4791 1295 4843 164,
1331 4786 1443 4832 361.
1853 4773 2157 4829 Husseburn,
2173 4772 2307 4833 prior
2323 4769 2398 4829 de,
2419 4776 2533 4821 254.

516 4864 703 4930 Hugel,
732 4859 1019 4921 Rndulphus
1042 4854 1183 4909 filius,
1210 4858 1320 4903 179.
1855 4839 2071 4897 Huwell,
2101 4836 2343 4886 Genu-dus
2363 4837 2440 4897 de,
2470 4841 2581 4888 176.

519 4934 675 4997 Hugo
710 4930 839 4978 filius
876 4923 1039 5036 Abali,
1074 4925 1188 4971 298.
1851 4928 2052 4944 -·-
2091 4904 2336 4953 walterus
2356 4902 2432 4961 de,
2453 4909 2565 4954 169.

880 4990 991 5039 Coei
1014 4990 1073 5043 ie,
1100 4992 1209 5035 182.
