3550 5759
1466 358 1707 409 INDEX
1747 357 2126 408 NOMINUM.

513 504 716 560 Lecton,
744 500 980 551 niardus
1003 500 1078 559 de,
1100 508 1211 551 126.

512 568 811 625 Ledenhum,
840 569 1081 617 Robertizs
1101 568 1177 627 de,
1210 574 1322 619 191.

513 637 630 693 Lee,
655 635 951 683 Willielmus
969 635 1048 692 de,
1071 640 1183 685 305.

514 701 741 761 Lefwin',
767 701 929 749 David
948 702 1091 759 filius,
1114 704 1228 751 347.

743 768 1070 826 decennarius,
1092 774 1206 817 829.

748 834 905 897 Hugo
926 834 1067 890 filius,
1090 838 1206 884 285-

515 900 667 966 Legn,
694 900 959 949 Godfridus
980 898 1053 957 de,
1081 906 1126 947 1.

512 996 649 1009 ——
682 967 930 1017 Hem-icus
949 963 1009 1013 de
1026 966 1089 1024 la,
1112 969 1225 1016 205.

513 1058 648 1071 —
686 1034 929 1083 Robe‘rtun
949 1032 1010 1081 de
1031 1032 1091 1088 la,
1115 1036 1201 1082 47.

512 1127 648 1141 ——
681 1100 924 1147 Walterus
938 1097 1011 1153 de,
1032 1104 1147 1148 206.

512 1194 647 1207 --
681 1165 975 1213 willielmus
994 1163 1070 1223 de,
1098 1166 1339 1223 154,176.

516 1232 747 1299 Leggebi,
772 1230 1024 1292 Philippus
1044 1230 1120 1289 de,
1147 1235 1259 1281 175.

516 1300 651 1358 Leia,
673 1298 853 1347 milites
873 1297 1070 1345 honoris
1090 1266 1165 1354 (ie,
1191 1302 1270 1348 95.

515 1364 706 1422 Leidet,
732 1362 1019 1420 wiscardus,
1042 1369 1157 1414 341.

516 1432 735 1487 tham,
759 1429 1057 1493 Reginaldus
1078 1428 1159 1486 de,
1180 1436 1294 1480 888.

515 1497 790 1556 Leireoetr’,
814 1512 975 1545 comes
1007 1496 1083 1553 de,
1120 1502 1168 1555 4,
1208 1503 1287 1555 14,
1328 1504 1438 1553 196,
1476 1503 1591 1555 234,
1625 1503 1739 1556 263,

863 1568 979 1621 280,
1002 1569 1115 1619 340,
1140 1569 1253 1619 841,
1279 1569 1394 1614 855.

812 1628 970 1693 Hugo
988 1646 1149 1678 comes
1168 1627 1243 1687 de,
1272 1636 1387 1680 171.

812 1694 1076 1744 Petronilla
1097 1696 1337 1745 eomitissa
1358 1696 1437 1755 de,
1463 1702 1573 1761 196.

511 1789 777 1803 ----
816 1763 1058 1811 Robertus
1078 1778 1239 1810 comen
1258 1761 1333 1821 de,
1356 1769 1401 1818 4,
1426 1769 1475 1821 6,
1498 1767 1576 1811 14.

808 1829 1029 1893 Roget-us
1050 1828 1123 1886 de,
1153 1836 1173 1877 1
1188 1833 1266 1878 18.

514 1894 851 1951 Leiroest'rsr’,
869 1895 1110 1943 Robertus
1134 1894 1194 1942 de
1212 1894 1462 1943 Harocurt
1480 1894 1743 1944 vicecomes

910 1960 983 2017 de,
1013 1968 1057 2017 1,
1086 1966 1133 2017 2,
1157 1967 1205 2017 3,
1234 1970 1282 2019 4,
1316 1966 1363 2018 5,
1402 1966 1448 2019 7,
1484 1968 1634 2019 8,10,
1664 1968 1741 2022 11,

918 2033 995 2083 12,
1024 2032 1101 2081 13,
1129 2032 1206 2083 14,
1231 2032 1345 2079 859.

515 2095 735 2152 Leinon,
764 2091 1061 2156 Reginaldus
1082 2092 1157 2149 de,
1188 2098 1295 2143 185.

753 2158 987 2207 Ricardus
1008 2158 1083 2214 de,
1111 2166 1223 2208 124.

514 2228 736 2283 Leissibi,
763 2225 1006 2273 Walterus
1026 2220 1101 2283 de,
1130 2231 1241 2276 178.

514 2294 698 2350 Leivei,
722 2291 1050 2348 decennarius,
1072 2298 1187 2343 829.

514 2360 669 2417 Latini,
696 2359 851 2421 Hugo
874 2357 946 2414 de,
973 2364 1087 2407 802.

513 2425 672 2483 Lelof,
696 2423 1017 2483 Reimundus,
1042 2432 1121 2476 92.

512 2493 638 2550 Len,
663 2491 955 2539 willielmus
978 2490 1105 2539 fliius
1128 2492 1383 2541 willielmi
1402 2492 1477 2550 de,
1501 2499 1613 2545 826.

514 2558 769 2621 Lenapier,
796 2558 1049 2613 Robertus,
1080 2564 1191 2608 165.

512 2626 659 2684 Lens,
688 2627 853 2674 Simon
876 2623 950 2680 de,
982 2630 1092 2673 122.

512 2692 723 2751 lenton,
744 2691 968 2739 monachi
990 2689 1065 2747 de,
1090 2696 1203 2739 808.

739 2759 873 2821 prior
906 2755 983 2813 de,
1006 2763 1125 2813 312,
1151 2764 1263 2811 349.
1290 2758 1417 2807 Vide
1439 2758 1669 2809 Lantoni.

511 2824 779 2889 Leodogar’
813 2825 1001 2879 Sancto,
1029 2823 1320 2873 Willielmus
1342 2825 1419 2882 de,
1444 2830 1556 2875 207.

511 2890 755 2941 Leonardi
776 2890 837 2940 de
860 2889 1079 2948 venetia,
1102 2890 1351 2941 Johannes
1370 2892 1513 2949 filius,
1537 2899 1648 2942 160.

510 2960 769 3015 Βωηίδυε,
785 2957 1033 3007 Johannes
1054 2956 1127 3015 de,
1148 2964 1265 3006 242.

510 3026 693 3075 Leonis
712 3023 877 3083 Judei,
905 3024 1160 3071 Manserus
1180 3024 1322 3079 filius.
1354 3029 1465 3073 188.

512 3092 701 3151 Lacot,
724 3090 883 3138 Alicia
906 3106 1027 3138 uxor
1056 3090 1270 3149 Rieu-di,
1299 3096 1409 3139 188.

514 3184 695 3197 ---
729 3157 900 3219 Hugo,
924 3164 1004 3214 88,
1033 3162 1147 3205 181.

729 3222 979 3281 Ricardus,
1008 3228 1118 3271 188.

729 3288 983 3346 Robertus,
1006 3293 1121 3345 341,
1146 3294 1259 3337 343.

510 3356 725 3413 Lescuir,
755 3352 1004 3409 Ricardus,
1028 3357 1111 3404 37.

509 3421 707 3477 Lesnes,
750 3421 990 3468 Robertus
1010 3418 1086 3477 de,
1116 3426 1227 3469 154.

511 3487 678 3544 Lesor,
696 3486 733 3535 J
734 3488 957 3543 ohannes,
977 3491 1059 3534 44.

510 3554 709 3614 Lespec,
740 3552 993 3609 Robertus,
1020 3558 1097 3601 18.

732 3618 1024 3667 willielmus
1046 3618 1120 3675 de,
1146 3626 1225 3671 49.

510 3687 761 3751 Lesquier,
791 3685 1062 3744 GervasiuS,
1086 3692 1197 3735 202.

509 3754 669 3809 Lesse,
689 3752 984 3802 willielmus
1007 3752 1080 3810 de,
1108 3758 1220 3803 274.

509 3820 790 3883 Lestrange,
814 3818 1079 3879 Johannes,
1108 3826 1219 3878 126,
1247 3826 1358 3870 128.

507 3886 694 3944 Lestre,
724 3884 970 3934 Galfridus
994 3885 1069 3937 de.
1094 3892 1173 3933 22.

705 3954 843 4001 heres
869 3950 1077 3999 Galfridi
1100 3950 1173 4008 de,
1198 3958 1277 4001 20.

504 4045 672 4059 -—-—
708 4016 947 4067 Ricardus
968 4016 1043 4076 de,
1068 4024 1185 4075 201,
1208 4024 1324 4067 210.

507 4086 731 4142 Loetreis,
758 4086 1043 4146 Stephanum
1067 4090 1181 4133 888.

505 4151 817 4209 lethei-hose,
846 4151 1097 4210 Ernulsus‚
1122 4156 1235 4200 274.

506 4219 704 4273 Laide,
730 4218 953 4280 Rogerus
967 4218 1109 4276 filins,
1135 4222 1245 4266 182.

502 4286 787 4339 Levavasur.
816 4284 1054 4333 Robertus
1076 4284 1153 4337 de,
1178 4289 1293 4334 119.

504 4350 819 4404 Levealtrier,
846 4348 1023 4407 Adam,
1050 4357 1163 4401 199.

504 4415 769 4472 Leveland,
796 4416 1071 4471 Nathaniel.
1102 4424 1214 4466 108.

503 4484 751 4543 Levenod,
777 4482 996 4545 Rogems
1016 4482 1158 4540 filius,
1186 4487 1297 4533 155.

504 4550 731 4607 Leveske‚
756 4549 981 4597 Asoelina
1001 4547 1075 4604 de,
1106 4555 1192 4598 141
1207 4583 1219 4598 .

756 4615 1003 4664 Henricus
1024 4614 1096 4672 de,
1126 4622 1239 4666 141.

500 4684 865 4747 Levesingham,
892 4681 1049 4745 Hugo
1070 4680 1145 4740 de,
1170 4688 1282 4733 185.

500 4750 749 4814 Levesque
750 4781 1151 4807 .........
1188 4754 1301 4799 852.

499 4818 682 4874 Leuns,
702 4816 951 4866 Johannoe
972 4812 1047 4869 de,
1071 4820 1185 4863 240.

499 4882 712 4940 Lentici,
735 4882 975 4930 Ailwinus
996 4880 1140 4940 filius,
1162 4886 1244 4931 47.

1853 500 2038 559 Levat,
2065 496 2226 549 Adam
2247 498 2328 557 de,
2353 503 2433 557 88,
2457 504 2537 557 89,
2563 504 2676 549 229.

1853 565 2102 624 Lideford,
2123 565 2372 616 Johannes
2391 563 2466 622 de,
2491 572 2573 615 23.

1854 632 2042 691 Βίεάεε,
2071 632 2307 681 Paulinus
2325 631 2402 687 de,
2427 638 2542 681 292.

1855 699 1993 763 Lige,
2021 700 2263 747 Walterus
2284 699 2349 755 le,
2378 702 2490 748 297.

1853 766 2206 823 Liliesblosom,
2234 766 2496 822 Henrieus,
2521 771 2603 814 86.

1853 832 2150 891 Lilleburne,
2184 832 2432 881 Hemim-
2453 830 2528 889 de,
2553 837 2601 879 8.

1852 897 2110 957 Liueshiu,
2133 900 2274 947 abbas
2293 897 2368 953 de,
2393 904 2511 947 291.

2135 965 2352 1013 eanonici
2375 964 2450 1021 de,
2477 968 2586 1012 124.

1854 1032 2052 1089 Limesi,
2075 1031 2324 1081 Johannes
2343 1030 2418 1088 de,
2441 1038 2490 1087 6,
2513 1036 2562 1077 8.

2077 1096 2314 1146 Rioerdus
2334 1096 2410 1154 de,
2435 1102 2549 1145 243.

1853 1164 2099 1229 mmogoe.
2127 1161 2364 1213 meudun
2385 1163 2461 1222 de,
2489 1166 2599 1218 195,
2628 1166 2742 1221 257,
2766 1168 2880 1211 258.

1850 1256 2442 1273 —---—-—-——
2474 1228 2718 1277 vadleotus
2755 1228 2920 1294 Regis,
2965 1230 3081 1286 257,

1856 1362 2034 1421 Linon,
2060 1362 2305 1412 walterus
2324 1361 2399 1421 de,
2425 1369 2509 1414 91.

1853 1427 2102 1487 Linooln',
2128 1428 2373 1478 Aluredus
2393 1428 2466 1486 de,
2496 1434 2608 1486 197,
2631 1434 2743 1477 210.

2106 1496 2323 1544 canonici
2345 1494 2419 1553 de,
2438 1500 2519 1553 75,
2544 1502 2626 1551 96,
2653 1499 2761 1552 165,
2783 1499 2898 1544 271.

2105 1561 2230 1610 cives
2250 1560 2325 1619 de,
2355 1568 2467 1620 165,
2496 1566 2608 1618 167,
2635 1566 2744 1610 187.

2105 1629 2355 1690 ephoopus
2376 1628 2452 1686 de,
2481 1634 2590 1684 168,
2622 1633 2734 1676 174.

2112 1695 2362 1743 Gilbertus
2383 1694 2458 1750 de,
2487 1700 2599 1744 177.

2107 1760 2180 1808 Η.
2205 1762 2454 1823 episeopus
2473 1761 2550 1817 de,
2584 1766 2672 1810 191
2687 1793 2700 1806 .

2103 1827 2322 1876 homines
2341 1828 2548 1876 civitatis
2565 1826 2643 1885 de,
2671 1832 2786 1875 186.

2102 1892 2250 1943 Judei
2272 1893 2347 1950 de,
2377 1900 2488 1943 188.

2106 1960 2275 2008 Petrus
2295 1959 2369 2015 de,
2392 1966 2440 2009 5.

2104 2025 2261 2075 telarii
2285 2026 2359 2082 de,
2386 2034 2497 2077 166.

2108 2093 2349 2140 walterus
2369 2093 2444 2150 de,
2473 2097 2584 2143 176.

2365 2159 2507 2213 filius,
2539 2164 2650 2208 178.

1852 2226 2161 2285 Lincollnsr’,
2185 2224 2430 2274 Get-ardus
2451 2226 2511 2274 de
2529 2225 2719 2274 Canvill
2731 2227 2993 2275 vieeeoenoe
3005 2224 3084 2281 de,

2246 2298 2358 2349 164,
2387 2298 2497 2351 165,
2526 2298 2636 2350 166,
2667 2297 2776 2351 173,
2816 2297 2926 2349 175,
2966 2298 3078 2349 188,

2249 2364 2363 2418 186,
2391 2364 2498 2415 191,
2527 2364 2638 2415 192,
2662 2365 2776 2410 359.

1853 2424 2154 2482 Lindeseius,
2180 2430 2259 2473 81.

1852 2491 2139 2549 Lindhurst,
2168 2491 2444 2539 Hei-bertus
2465 2490 2539 2548 de,
2563 2498 2678 2541 243.

2173 2556 2467 2605 willielmus
2486 2557 2561 2617 de,
2586 2564 2701 2607 248.

1853 2624 2066 2682 Lindon,
2094 2624 2258 2672 Simon
2283 2622 2356 2681 de,
2387 2630 2496 2675 168.

1853 2690 2114 2755 Lingeure,
2137 2689 2383 2739 Johannoe
2404 2690 2478 2749 de,
2503 2697 2585 2740 20.

2136 2756 2375 2805 Robertus
2397 2755 2474 2815 de,
2489 2762 2604 2807 279.

2137 2823 2359 2885 Rogerus
2379 2821 2454 2878 de,
2479 2828 2537 2873 27
2545 2831 2591 2875 9.

1853 2889 1982 2945 Lim,
2006 2889 2230 2938 monachi
2252 2888 2326 2947 de,
2352 2894 2438 2946 53,
2463 2896 2573 2949 106,
2599 2898 2712 2941 129.

1852 2955 2066 3014 Lisewis,
2105 2989 2118 3002 .
2152 2990 2167 3004 .
2204 2988 2217 3002 .
2244 2954 2323 3013 de,
2347 2961 2460 3005 205.

2078 3021 2327 3071 Johannes
2348 3022 2422 3077 de,
2450 3028 2560 3072 166.

1857 3089 2059 3147 Lisoroe,
2086 3088 2242 3152 Hugo
2264 3088 2339 3146 de,
2363 3093 2442 3145 77,
2469 3094 2547 3145 78,
2571 3096 2651 3148 86,
2677 3094 2757 3140 87.

2080 3155 2328 3205 Johannes
2348 3154 2423 3213 de,
2447 3162 2559 3205 295.

2083 3220 2378 3269 willielmus
2401 3221 2474 3279 de,
2504 3227 2614 3271 164.

1852 3288 2148 3345 Litlesfrom,
2175 3287 2400 3336 Ernisiuz
2420 3287 2494 3347 de,
2520 3296 2634 3338 202.

1850 3353 2128 3408 Litlemora,
2151 3354 2385 3402 moniales
2407 3354 2479 3409 de,
2507 3360 2619 3405 135.

1853 3420 2088 3472 Litleton,
2115 3420 2270 3484 Hugo
2291 3419 2364 3477 de,
2389 3426 2472 3468 41.

1853 3486 2013 3545 Livet,
2042 3486 2303 3545 Gilbertus,
2328 3494 2410 3536 88.

2051 3551 2360 3610 willielmus,
2389 3559 2498 3601 181.

1854 3618 2025 3677 Liulfi,
2051 3619 2264 3666 Th0mas
2284 3618 2426 3675 filius,
2449 3626 2532 3670 65.

1850 3686 2048 3733 Liulfus
2070 3684 2199 3733 filius
2223 3684 2388 3740 Liulfi,
2417 3692 2498 3735 62.

1852 3751 2124 3805 Lodesdon,
2152 3751 2334 3798 Emma
2354 3750 2428 3809 de,
2452 3759 2566 3802 221.

1853 3818 2090 3882 Loereng,
2117 3817 2414 3866 willielmus
2435 3818 2494 3876 le,
2522 3826 2635 3869 351.

1851 3884 2046 3941 Loholt,
2073 3884 2336 3939 Hem-icus,
2365 3891 2474 3933 160.

1851 3949 2192 4005 Lokeswurde,
2217 3951 2430 3999 Thomas
2453 3950 2526 4010 de,
2554 3959 2663 4012 199,
2685 3962 2800 4004 201.

1851 4017 2119 4077 Lokinton,
2144 4017 2366 4081 Roget-us
2387 4018 2595 4067 decanus
2617 4019 2690 4076 de,
2716 4028 2830 4073 298.

1850 4082 2091 4141 London’,
2115 4084 2244 4132 cives
2267 4084 2447 4141 de,99,
2483 4090 2872 4145 101,104,361.

2113 4148 2320 4199 domnus
2341 4160 2390 4199 et
2411 4153 2678 4213 capitulum
2697 4153 2771 4212 de,
2801 4161 2911 4203 104.

2109 4217 2358 4279 episeopus
2371 4216 2445 4275 de,
2467 4222 2512 4275 7,
2537 4224 2612 4276 14,
2630 4224 2712 4278 45,
2731 4227 2811 4280 99,
2833 4228 2943 4280 106,
2966 4228 3077 4277 158,

2143 4288 2253 4341 159,
2313 4290 2422 4342 193,
2475 4290 2590 4343 210,
2613 4294 2745 4352 2,δὸ
2796 4293 2912 4348 267,
2965 4296 3080 4348 280,

2111 4414 2358 4465 Hem-icus
2379 4418 2534 4481 major
2557 4417 2632 4477 de,
2661 4424 2770 4470 105.

2107 4481 2352 4532 ,Ion-danus
2374 4435 2474 4538 def
2473 4490 2588 4534 258.

2107 4550 2336 4612 magister
2360 4549 2567 4613 Templi,
2596 4557 2708 4603 105.

2109 4616 2376 4663 Nicholnus
2396 4616 2472 4673 de,
2496 4622 2611 4667 275.

1841 4708 2078 4723 —-—
2107 4681 2242 4795 prigr
2263 4692 2313 4731 et
2333 4684 2502 4732 fratres
2535 4684 2782 4747 hospitalis
2808 4686 3075 4737 Jerusalem

2113 4814 2176 4863 R.
2201 4816 2450 4878 episeopus
2472 4815 2547 4874 de,
2577 4824 2688 4877 108,
2718 4825 2829 4870 149.

1837 4908 2071 4921 ..-..-..
2109 4882 2329 4944 Roget...
2349 4882 2424 4940 de,
2453 4888 2563 4934 176.
