3550 5759
1488 364 1731 417 INDEX
1760 364 2140 419 NOMINUM.

528 514 835 574 Mamm-feld,
863 513 1024 563 Adam
1046 512 1122 570 de,
1148 516 1259 561 126.

860 579 1134 629 Evertrdus
1154 576 1229 634 de,
1258 581 1372 625 126.

530 649 814 709 Mandevill,
842 647 1081 697 Arnulfus
1104 643 1178 703 de,
1207 647 1315 701 156,
1347 646 1457 690 162.

826 714 929 763 filia
951 710 1207 769 willielmi
1228 708 1305 765 de,
1332 714 1444 757 282.

835 778 1083 829 Galfridus
1103 776 1180 835 de,
1205 781 1316 833 196,
1340 781 1456 830 222,
1483 780 1598 833 229,
1622 779 1736 823 284.

831 846 1124 895 willielmus
1146 842 1225 901 de,
1249 848 1363 898 208,
1388 846 1503 891 282.

532 931 1227 952 ——--—-—-———-
1249 908 1310 956 dc
1336 906 1511 964 Kocre,
1538 912 1650 957 208.

535 982 882 1047 Mangunlain,
906 980 1162 1034 Robertus,
1186 980 1303 1025 295.

538 1051 713 1107 Manu,
738 1044 991 1103 Rieu-dus,
1016 1050 1132 1093 266.

536 1114 745 1169 mansel.
767 1113 1015 1163 Johannae
1036 1111 1099 1169 le,
1120 1112 1171 1167 ’7,
1194 1114 1274 1157 88.

769 1178 1012 1227 Robertus
1030 1176 1096 1233 le,
1123 1180 1203 1230 10,
1226 1180 1341 1225 290.

770 1244 1064 1292 willielmus
1086 1241 1147 1297 le,
1173 1246 1257 1289 88.

540 1315 796 1363 Man-erus
822 1310 951 1359 filius
973 1309 1155 1357 Leonis
1176 1306 1347 1367 Judei,
1371 1310 1483 1355 188.

539 1378 747 1437 Mantal,
772 1378 1017 1433 Matheue,
1049 1380 1160 1433 145,
1188 1379 1301 1423 162.

538 1472 736 1488 -—-—
772 1444 1035 1497 walterus,
1058 1447 1177 1491 854.

542 1512 771 1561 Manveio
796 1510 986 1564 Sancto,
1012 1508 1235 1571 Roget-us

1262 1505 1337 1563 de,
1364 1511 1479 1562 841,
1500 1508 1615 1552 848.

542 1576 913 1639 Mapertoehale,
945 1572 1193 1623 Gilbertus
1218 1572 1293 1630 de,
1318 1578 1440 1631 848,
1458 1576 1575 1621 849.

541 1646 859 1706 Mappeuore,
884 1641 1126 1689 Waloems
1146 1639 1223 1699 de,
1244 1645 1330 1688 41.

543 1712 701 1769 Mara,
730 1710 939 1758 Bertran
959 1706 1036 1765 de,
1060 1711 1175 1756 278.

712 1774 961 1825 Galfridus
980 1772 1055 1829 de,
1080 1779 1197 1822 266.

540 1871 674 1882 —
707 1844 941 1892 Osbertus
961 1838 1036 1898 de,
1065 1845 1173 1889 161.

710 1910 955 1957 Robertus
974 1905 1050 1963 de,
1074 1910 1153 1962 44,
1173 1909 1257 1963 45,
1283 1907 1396 1959 152,
1421 1907 1536 1958 238,
1559 1905 1674 1951 266.

547 1976 724 2036 Marci,
751 1975 886 2023 Ser-lo
908 1972 984 2029 de,
1007 1978 1120 2020 160.

548 2042 705 2099 Mare,
726 2040 762 2091 J
762 2040 972 2089 ordanus
992 2038 1139 2085 frater
1167 2034 1367 2083 Roberti
1390 2032 1451 2082 de
1471 2033 1535 2095 la,
1556 2040 1643 2083 89.

543 2133 681 2151 ·--—-
712 2108 953 2156 Robertus
977 2102 1119 2161 dela,
1144 2109 1223 2157 89,
1250 2108 1361 2152 229.

551 2172 879 2229 marescallus,
904 2186 1063 2219 comes
1087 2168 1395 2226 willielmus,
1420 2172 1537 2215 280.

908 2236 1170 2291 Johannes,
1212 2240 1291 2293 88,
1344 2240 1459 2292 224,
1501 2237 1617 2292 258,
1661 2239 1777 2293 824,

978 2306 1092 2359 885,
1117 2308 1233 2351 840.

909 2370 1137 2433 magister
1157 2366 1445 2425 Joscelinm,
1472 2371 1548 2415 14.

918 2435 1170 2494 Rieu-dus,
1194 2439 1309 2483 228.

552 2530 882 2544 -----
916 2503 1170 2559 Robertus,
1194 2506 1276 2549 41.

912 2568 1222 2623 Willielmus,
1240 2571 1323 2625 47,
1340 2570 1423 2623 52,
1438 2570 1519 2623 54,
1539 2572 1560 2614 1
1572 2570 1593 2613 1
1606 2570 1652 2622 1,
1670 2568 1782 2621 154,

1309 2639 1422 2687 228,
1493 2637 1607 2689 224,
1666 2637 1780 2684 288,

1310 2705 1425 2755 284,
1482 2704 1599 2756 258,
1668 2704 1782 2752 268,

1309 2770 1427 2823 270,
1496 2770 1609 2823 840,
1668 2770 1784 2821 848,

1312 2837 1427 2889 845,
1488 2836 1601 2887 855,
1668 2834 1783 2887 857,

1312 2904 1427 2947 860.

1244 2965 1507 3013 vicecomes
1556 2961 1619 3011 de
1667 2961 1788 3010 Glo-

1308 3029 1497 3087 ec'rs'r',
1516 3034 1599 3088 84,
1610 3034 1691 3085 85,
1704 3033 1788 3078 87.

1308 3102 1390 3153 38,
1408 3103 1489 3152 89,
1504 3100 1588 3154 40,
1604 3101 1685 3153 41,
1702 3100 1789 3153 42,

1316 3166 1398 3219 45,
1424 3167 1539 3211 857.

1248 3228 1511 3277 vicecomes
1558 3226 1620 3275 de
1663 3225 1791 3275 Sud-

1315 3294 1462 3352 sexia,
1513 3300 1628 3354 284,
1672 3298 1788 3349 285,

1317 3362 1431 3419 287,
1504 3366 1601 3411 288
1673 3366 1790 3417 289,

570 3493 804 3543 Mat-eaeo.
828 3491 954 3541 vide
978 3491 1202 3541 Matisco.

570 3560 847 3623 Margareta
866 3559 1119 3612 comitissa.
1148 3563 1257 3614 188,

572 3628 863 3690 Margarete,
892 3626 1114 3689 Rogerus
1132 3624 1277 3683 filius,
1302 3629 1415 3673 182.

865 3692 980 3751 Ros,
1000 3693 1247 3741 Johanneu
1268 3691 1409 3746 filius,
1437 3694 1549 3741 174.

866 3757 1159 3807 willielmus
1184 3757 1328 3815 filius,
1356 3763 1434 3807 12.

575 3824 822 3889 Mar-gerit
840 3824 937 3873 filia
962 3823 1207 3888 Hugonis,
1236 3829 1347 3874 155.

574 3892 737 3940 Maria
760 3892 934 3939 Sancta
956 3890 1127 3949 Ebor’,
1149 3891 1291 3937 abbae
1311 3888 1385 3947 de,
1408 3895 1525 3938 292.

572 3983 1129 3995 —--—--———
1160 3957 1381 4005 homines
1402 3954 1480 4013 de,
1503 3958 1619 4005 287.

1158 4022 1301 4071 liberi
1353 4030 1570 4071 tenentes
1614 4025 1799 4073 abbatie

580 4156 738 4206 Mario
772 4155 946 4205 Sancte
980 4154 1210 4214 Ecclesia,
1222 4087 1564 4203 dx’liigig'uxor
1595 4156 1799 4205 Jordani

1226 4220 1567 4346 J01333?‹2123‚
1590 4296 1705 4339 802.

1233 4355 1313 4404 W.
1339 4353 1415 4412 de,
1446 4361 1559 4403 844.

1232 4420 1526 4469 willielmus
1546 4420 1623 4480 de,
1646 4429 1693 4480 6,
1720 4426 1749 4471 7
1754 4429 1802 4480 8,

1297 4492 1802 4547 79.108‚153,198,

1299 4560 1689 4614 247,251,266.

583 4620 764 4677 Marin,
791 4618 1083 4667 willielmus
1102 4620 1177 4678 de,
1207 4626 1314 4671 154.

582 4686 883 4751 Maringnee,
912 4685 1163 4735 Albericus
1184 4686 1257 4742 de,
1282 4689 1396 4735 215.

582 4751 848 4810 Mariana,
878 4750 1112 4801 Ricardus
1132 4751 1207 4809 de,
1237 4757 1347 4803 174.

583 4819 822 4873 Marione,
850 4824 926 4867 12.

585 4885 785 4942 Mariot,
809 4892 854 4935 9.

1877 510 2102 566 Matisco,
2131 506 2294 557 Adam
2314 506 2392 567 de,
2413 510 2528 557 254.

2290 572 2352 621 de
2375 571 2605 629 Andovr’,
2629 576 2746 623 249.

2109 640 2400 702 Ranulphus
2416 639 2491 697 de,
2515 645 2629 690 290.

2106 705 2404 771 Reginuldus
2423 705 2496 762 de,
2523 711 2609 755 92.

1874 802 2073 815 —-—-
2109 772 2348 823 Ricardus
2367 773 2442 831 de,
2466 778 2547 822 92.

2367 838 2428 887 de
2454 838 2683 897 Andnvr’,
2707 845 2820 889 249.

2108 907 2320 955 Thomu
2342 906 2416 965 de,
2449 912 2564 957 296.

2109 972 2404 1021 willielmus
2426 972 2501 1030 de,
2529 978 2644 1031 196,
2665 978 2780 1021 208.

1880 1041 2116 1097 ΜατΙιεὺί,
2139 1040 2275 1102 prior
2297 1039 2374 1097 de,
2401 1044 2510 1089 186.

1883 1109 2190 1171 Marleberg’,
2213 1106 2434 1155 homines
2454 1104 2531 1164 de,
2553 1110 2668 1154 226.

1882 1174 2150 1233 Mas-miun,
2177 1172 2419 1221 Robertm
2440 1170 2518 1229 de,
2543 1177 2623 1230 14,
2641 1174 2722 1231 82,
2745 1178 2827 1232 89,
2849 1179 2962 1233 169,
2988 1179 3104 1233 198,

1885 1306 2099 1365 Mmll,
2126 1306 2388 1359 antus,
2413 1309 2530 1353 261·

2112 1372 2374 1427 Martinus,
2405 1376 2514 1421 187.

2115 1438 2424 1497 willielmus
2447 1444 2561 1494 210,
2586 1444 2702 1497 218,
2723 1444 2840 1489 268.

1884 1507 2106 1565 Martini,
2129 1503 2444 1569 stanciplegii,
2473 1510 2586 1555 185.

2115 1572 2358 1621 Robertus
2378 1570 2530 1629 filius„
2549 1576 2660 1620 166.

2114 1638 2328 1686 Thomas
2348 1636 2491 1694 filius,
2518 1643 2628 1687 180.

2113 1704 2410 1753 willielmus
2431 1702 2576 1761 filius,
2597 1710 2680 1761 26,
2703 1709 2816 1753 208.

1889 1772 2102 1821 Mar-tino
2129 1772 2325 1827 Sancto,
2353 1769 2602 1819 Galffidus
2625 1769 2701 1827 de,
2727 1776 2805 1827 82,
2831 1776 2909 1821 86.

1885 1864 2312 1881 ---.--
2350 1835 2642 1885 Godefridus
2662 1835 2738 1895 de,
2767 1843 2882 1887 282.

1887 1905 2132 1955 Martinus
2149 1904 2280 1953 filius
2304 1904 2478 1960 Asda’,
2508 1908 2618 1951 184.

2310 1969 2562 2017 willielmi
2585 1969 2674 2018 mii
2699 1970 2935 2031 anelle,
2963 1975 3073 2019 108.

1887 2038 2162 2091 Martiwall.
2187 2036 2479 2085 willielmus
2499 2035 2576 2095 de,
2604 2041 2714 2088 145.

1887 2105 2100 2154 Menon.
2126 2102 2252 2152 Vide
2277 2103 2518 2151 Mereton.

1889 2171 2115 2230 Mascael,
2141 2171 2342 2228 Silurus,
2367 2173 2482 2219 847.

1890 2236 2222 2298 Mascidelpin,
2251 2240 2328 2287 17.

1893 2304 2096 2363 Mascul,
2119 2301 2354 2351 Ricardus
2373 2301 2448 2360 de,
2471 2305 2554 2352 85.

1891 2370 2060 2427 Masle,
2089 2367 2327 2418 Ricardus
2345 2370 2407 2427 le,
2429 2374 2512 2420 58.

1893 2436 2120 2485 Matheus
2141 2436 2268 2484 filius
2295 2435 2520 2491 Domine,
2544 2440 2659 2483 814.

2283 2501 2531 2560 Hei-berti,
2554 2506 2637 2550 24.

2283 2567 2480 2631 Rogeri,
2505 2575 2556 2617 9.

2287 2634 2511 2689 Simonis,
2538 2638 2651 2684 117.

2284 2700 2556 2759 willielmi,
2584 2706 2694 2760 114,
2717 2706 2835 2751 815.

1896 2766 2089 2817 Matild’
2113 2767 2212 2814 filia
2230 2765 2450 2825 Jordani,
2475 2773 2556 2816 28.

2121 2843 2274 2881 mater
2299 2833 2498 2883 Roberti
2519 2832 2610 2881 filii
2629 2832 2754 2893 Ado,
2770 2841 2854 2886 69.

2124 2899 2348 2957 Persona,
2373 2905 2486 2950 887.

2121 2982 2245 3015 uxor
2269 2964 2380 3015 Ade
2401 2966 2487 3013 fflii
2513 2966 2734 3025 Einsant,
2761 2972 2847 3027 67,
2867 2974 2952 3019 71.

2285 3032 2505 3090 Jordani,
2533 3039 2645 3084 141.

2127 3098 2282 3162 Hugo
2302 3098 2444 3157 filius,
2468 3104 2583 3151 297.

2131 3164 2368 3213 Ricardus
2387 3165 2530 3221 filius,
2553 3170 2668 3214 814.

1900 3231 2228 3291 Mnubertorp,
2254 3231 2440 3280 Alanus
2461 3230 2540 3291 de,
2568 3237 2678 3282 175.

1904 3297 2150 3358 Mam-din,
2166 3298 2428 3357 Johannes‚
2457 3305 2568 3348 110.

1905 3364 2142 3422 Mauritii,
2167 3365 2407 3413 Robertus
2427 3364 2568 3421 filius,
2593 3370 2675 3423 87,
2702 3370 2810 3415 194.

2167 3430 2388 3493 Roget-us
2408 3430 2550 3491 filius,
2577 3436 2688 3483 109.

2165 3496 2470 3555 willielmus,
2499 3502 2609 3547 155.

1903 3562 2167 3611 Mauritius
2186 3563 2314 3612 filius
2336 3563 2551 3622 Roberti,
2579 3569 2690 3615 198.

1900 3656 2555 3667 ——————-——-—
2577 3631 2806 3693 Junioris,
2829 3636 2878 3683 7.

1905 3694 2184 3750 Mauverne,
2212 3697 2436 3743 monachi
2456 3695 2531 3756 de,
2555 3704 2642 3756 58,
2665 3704 2778 3749 121.

1905 3761 2041 3822 May,
2069 3762 2325 3820 RobertuS,
2343 3769 2457 3811 821.

2069 3826 2374 3887 willielmus,
2395 3836 2509 3878 821.

1907 3892 2140 3953 Mealton,
2179 3894 2354 3943 Petrus
2390 3894 2462 3951 de,
2498 3896 2759 3947 vicecomes
2795 3896 2858 3947 de
2889 3898 3125 3949 Norfolch

2231 3969 2284 4009 et
2307 3960 2569 4021 Sudfolch',
2593 3970 2709 4023 821,
2730 3971 2846 4024 828,
2870 3972 2986 4025 824,
3011 3972 3126 4028 827,

2235 4034 2351 4086 828,
2386 4035 2499 4087 829,
2534 4037 2648 4090 880,
2686 4038 2802 4089 833,
2846 4039 2964 4092 885,
3011 4040 3130 4096 887,

2235 4101 2348 4151 888,
2373 4102 2486 4153 889,
2508 4102 2623 4156 340,
2646 4104 2760 4149 860.

2167 4162 2382 4209 canonici
2398 4160 2472 4217 de,
2493 4168 2611 4215 289.

2169 4227 2302 4289 prior
2324 4226 2398 4284 de,
2422 4234 2536 4279 289.

1913 4292 2150 4351 Medicus,
2180 4293 2444 4351 Gilbertus,
2465 4300 2514 4353 4,

2168 4359 2203 4409 J
2204 4359 2426 4419 ordanus,
2441 4367 2523 4410 90.

2173 4426 2398 4485 Thomas,
2414 4433 2530 4477 826.
2589 4452 2594 4457 ·

1916 4491 2153 4551 Medlent,
2177 4508 2333 4541 comes
2354 4492 2429 4549 de,
2451 4498 2534 4544 56.

1911 4557 2162 4616 Meduana
2188 4560 2428 4609 walterus
2449 4558 2524 4619 de,
2547 4566 2662 4621 215,
2685 4569 2799 4615 216.

1912 4624 2234 4687 Megresause,
2259 4626 2494 4689 Roget-us,
2523 4633 2633 4677 184.

1911 4690 2066 4746 Mein,
2092 4691 2305 4740 Wiulfus
2325 4692 2472 4751 filius,
2489 4698 2604 4743 217.

1912 4756 2074 4816 Meisi,
2102 4758 2340 4807 Robertus
2360 4758 2435 4817 de,
2461 4766 2572 4811 245.

2363 4826 2509 4875 frater
2533 4828 2712 4893 Rogeri
2735 4828 2812 4888 de,
2833 4834 2913 4877 44.

2075 4890 2292 4955 Roget-us
2315 4890 2391 4949 de,
2414 4900 2494 4951 48,
2521 4900 2598 4942 44.
