3550 5759
1383 461 1653 528 {mm-:x
1685 462 2063 514 Locorum,

1098 702 1625 795 NORFOchl
1672 736 1719 809 7
1771 710 2310 795 sUDFoLcH.

453 888 625 951 Aeley,
646 895 761 939 821.

447 955 710 1013 Ailesham,
732 960 847 1014 821,
869 961 982 1013 822,

730 1022 870 1070 firma
896 1020 971 1079 de,
994 1028 1107 1071 828.

452 1087 781 1151 Ailringhm
803 1088 969 1138 vinata
1000 1087 1076 1143 de,
1098 1089 1209 1138 333.

454 1268 628 1327 Becco,
652 1276 764 1319 821.
791 1236 806 1252 ⁰

452 1334 695 1393 Bereholt,
719 1336 857 1384 firma
875 1336 956 1396 de,
979 1343 1096 1387 824.

454 1401 699 1465 Bergeria,
722 1408 835 1452 821.

454 1468 654 1523 Berton‚
676 1475 788 1519 819.

453 1533 657 1591 Blafeld,
683 1534 991 1585 hundredum
1011 1535 1088 1595 de,
1116 1542 1227 1586 888.

453 1600 735 1660 Blakeham,
759 1607 850 1651 821
858 1636 874 1661 ,
899 1608 1013 1651 822.

454 1666 695 1722 Biiebufe,
720 1674 834 1717 821.

452 1732 645 1790 Bolon’,
664 1732 860 1782 feodum
884 1733 959 1792 de,
984 1740 1097 1783 888.

683 1801 837 1848 honor
867 1799 941 1858 de,
966 1807 1079 1851 389.

454 1864 697 1923 Bosmere,
730 1865 1036 1915 hundredum
1068 1866 1143 1927 de,
1166 1874 1280 1919 888.

452 1930 727 1997 Bridering.
750 1931 1059 1981 hundredum
1092 1934 1165 1991 de,
1189 1940 1303 1984 888.

453 1996 621 2054 Brom,
644 1998 809 2047 villata
829 1998 902 2055 de,
938 2006 1050 2049 882.

454 2064 751 2122 Burneham‚
772 2074 903 2114 terre
921 2064 997 2125 de,
1032 2072 1144 2116 826.

454 2130 617 2187 Buta,
640 2137 753 2179 822.

456 2264 748 2329 cantebfig',
774 2271 888 2317 34¹0

458 2330 841 2395 Cantebriggs’r',
865 2337 979 2383 840.

456 2396 657 2454 Carrou,
681 2404 794 2456 823,
819 2405 932 2449 836.

455 2463 702 2521 Cattelein,
737 2470 850 2513 822.

458 2528 685 2585 Causton,
708 2536 800 2579 821
811 2565 827 2589 ,
848 2536 963 2581 822.

715 2596 854 2645 firma
872 2596 945 2653 de,
970 2602 1085 2656 828,
1108 2603 1222 2655 824,
1246 2603 1359 2647 828.

456 2662 746 2726 canvering,
768 2662 1091 2721 hundredum,
1115 2672 1227 2715 888.

456 2728 771 2787 Columbierz,
800 2736 915 2780 822.

457 2795 712 2853 Coeteseia,
734 2797 905 2844 boseus
936 2794 1015 2855 de,
1036 2802 1149 2846 840.

620 2900 625 2903 .
748 2861 965 2911 redditus
982 2863 1125 2911 aaziae
1146 2860 1220 2921 de,
1244 2868 1357 2914 840.

456 2988 804 3055 Dikingeham,
839 2996 952 3040 821.

457 3056 624 3115 Disce,
647 3062 761 3106 322.

452 3148 619 3163 ——
649 3122 909 3171 dimidium
931 3120 1171 3171 hundredi
1193 3122 1270 3182 de,
1292 3130 1405 3174 888.

453 3214 621 3225 ———
652 3188 957 3238 hundredum
980 3188 1055 3246 de,
1079 3196 1192 3239 888.

456 3254 715 3311 Dunewiz,
739 3262 855 3314 824,
878 3262 995 3315 884,
1016 3259 1130 3305 885.

750 3321 891 3370 firma
911 3321 987 3381 de,
1010 3327 1125 3371 824.

750 3388 917 3437 villeta
937 3388 1014 3447 de,
1037 3394 1151 3438 880.

457 3498 574 3562 Ely,
608 3506 721 3549 824.

457 3564 708 3623 Ereeham,
736 3574 850 3617 821.

748 3632 1009 3683 dimidium
1030 3634 1268 3684 hundredi
1291 3634 1365 3694 de,
1390 3644 1503 3687 821.

751 3700 1055 3750 hundredum
1074 3701 1147 3759 de,
1170 3709 1284 3753 888.

457 3763 645 3821 Eseex’,
669 3772 783 3825 826,
807 3773 921 3825 840,
948 3774 1061 3817 841.

456 3829 675 3894 Estfleg’,
698 3832 1003 3882 hundredum
1024 3833 1097 3891 de,
1120 3841 1234 3885 888.

457 3895 687 3960 Exning’,
712 3904 823 3947 822.

717 3963 975 4013 dimidium
996 3966 1236 4015 hundredi
1267 3966 1341 4025 de,
1364 3974 1477 4019 888.

454 4053 687 4068 ——-—
718 4030 857 4078 firma
882 4030 956 4087 de,
985 4038 1099 4081 824.

716 4097 831 4145 villa
856 4095 928 4153 de,
954 4104 1069 4147 822.

457 4160 582 4223 Eye,
606 4168 719 4210 324.

454 4254 587 4267 —-
617 4228 755 4277 firma
776 4230 972 4277 honoris
1003 4229 1079 4287 de,
1103 4237 1213 4279 880·

620 4296 774 4344 honor
802 4295 875 4351 de,
900 4302 1017 4355 885,
1038 4304 1137 4347 889

456 4424 811 4489 Felminghem,
835 4430 949 4474 822.

455 4490 626 4547 Filebz
648 4491 899 4540 advocatio
923 4490 1131 4541 eeclesioe
1156 4490 1229 4549 de,
1260 4497 1371 4543 187.

454 4556 724 4616 Foleeham‚
747 4564 864 4607 822.

455 4673 749 4732 Gernemue,
768 4673 1018 4737 usuagium
1036 4674 1179 4738 burgi
1202 4672 1277 4734 de,
1297 4680 1411 4725 828.

448 4767 553 4779 —
776 4740 941 4789 vium
966 4739 1041 4797 de,
1065 4748 1181 4790 880.

456 4807 709 4870 (ἓίρεενίι,
734 4812 848 4865 822,
869 4812 981 4863 824,
1006 4814 1121 4865 826,
1144 4814 1255 4863 886,
1279 4814 1393 4867 860,
1423 4814 1535 4858 862.

658 4900 715 4910 —-
746 4873 885 4921 firma
906 4872 981 4931 de,
1005 4880 1119 4922 824.

748 4940 862 4988 vina
882 4939 956 4996 de,
980 4946 1095 5000 822,
1119 4947 1233 4990 330.

456 5006 663 5065 Gloeer’‚
688 5010 839 5056 honor
868 5006 941 5064 de,
968 5015 1080 5057 889.

1793 891 2070 957 Heghenet,
2094 897 2367 962 scutagium
2387 896 2464 955 de,
2489 906 2602 950 840.

1793 958 2101 1025 Habet-gnte,
2125 969 2240 1013 821.

1793 1025 2091 1089 Heinghem,
2115 1036 2228 1078 822.

1793 1092 2118 1151 Hintleshnm.
2137 1102 2251 1145 822.

2149 1162 2288 1211 firma
2307 1162 2382 1221 de,
2415 1172 2529 1216 828.

2151 1228 2266 1277 villu
2285 1228 2358 1287 de,
2382 1238 2498 1281 822.

1794 1290 2055 1351 Holeham,
2076 1299 2190 1343 821.

1794 1355 1938 1414 Holt,
1960 1358 2268 1409 hundredum
2287 1360 2360 1417 de.
2384 1369 2499 1413 888.

1795 1421 1971 1471 Honor
1993 1424 2219 1475 Peverelli
2241 1427 2302 1476 de
2324 1428 2546 1487 London,
2568 1438 2681 1491 888,
2704 1440 2818 1486 889.

1975 1491 2191 1541 militum
2212 1493 2272 1543 de
2287 1494 2578 1561 wermegai,
2601 1504 2714 1559 885,
2731 1506 2845 1551 888.

1795 1556 1992 1616 Hoxne,
2015 1558 2322 1610 hundredum
2342 1560 2417 1620 de,
2440 1569 2553 1613 888.

1794 1622 1990 1682 Ῑ-ΙιιΙῐιι’,
2012 1630 2125 1673 888.

1796 1737 1948 1799 xant,
1969 1746 2081 1797 323.
2112 1746 2228 1790 328.

1795 1843 2025 1903 Leidone,
2047 1846 2356 1898 hundredum
2377 1848 2451 1906 de,
2476 1857 2588 1901 888.

1793 1910 2058 1971 Lnneestr’,
2080 1915 2236 1963 honor
2255 1914 2330 1974 de,
2353 1921 2466 1974 887,
2489 1922 2605 1975 888,
2627 1924 2741 1977 889,
2771 1926 2884 1970 840.

1797 1977 1919 2037 Len,
1941 1978 2104 2028 villam
2123 1979 2198 2039 de„
2222 1988 2336 2032 880.

1795 2044 2018 2109 Loding',
2042 2046 2348 2097 hundredum
2368 2048 2443 2106 de,
2467 2055 2578 2100 888.

1795 2110 2137 2175 Ludingland',
2160 2121 2274 2164 822.

2155 2180 2462 2231 hundredum
2481 2181 2559 2243 de,
2580 2190 2698 2234 888.

2155 2256 2293 2297 vetus
2311 2248 2452 2297 firma
2470 2248 2546 2309 de,
2575 2256 2688 2301 824.

1793 2342 2266 2409 Not-dherpingham,
2287 2346 2594 2396 hundredum
2614 2347 2691 2413 de,
2713 2355 2824 2399 888.

1792 2410 2054 2468 Norfolch’,
2079 2416 2160 2470 59,
2186 2416 2295 2471 150,
2318 2420 2432 2472 861,
2454 2421 2568 2465 862.

1997 2503 2053 2511 -
2087 2477 2224 2526 firma
2255 2478 2329 2537 de,
2359 2486 2473 2539 821,
2495 2489 2609 2541 828,
2630 2490 2744 2533 860.

2088 2559 2269 2593 novum
2282 2556 2582 2597 crementum
2603 2548 2679 2610 de,
2712 2557 2826 2611 222,
2860 2558 2973 2602 828.

2088 2619 2225 2659 vetus
2245 2622 2544 2662 crementum
2567 2614 2641 2675 de,
2665 2623 2778 2677 222,
2803 2624 2918 2669 823.

1793 2674 2018 2733 Norwie’,
2053 2681 2132 2733 88,
2168 2682 2248 2736 89,
2286 2684 2399 2737 182,
2438 2684 2544 2737 144,
2592 2689 2700 2742 198,
2745 2690 2857 2742 205,
2896 2692 3009 2743 264,

2119 2748 2232 2801 265,
2277 2750 2392 2803 822,
2427 2752 2538 2804 828,
2578 2754 2691 2807 824,
2738 2756 2851 2806 825,
2897 2758 3010 2809 884,

2122 2814 2235 2865 885,
2258 2814 2372 2859 887.

2056 2874 2220 2923 civitas
2239 2875 2314 2932 de,
2349 2884 2462 2928 887.

2056 2940 2195 2990 firma
2213 2943 2418 2992 civitatis
2438 2944 2512 3003 de,
2533 2954 2648 3002 823.

1794 3033 2028 3049 ——
2057 3008 2290 3070 hospitale
2311 3009 2384 3067 de,
2419 3018 2534 3061 821.

2057 3076 2324 3139 meesuagia
2353 3077 2422 3136 in,
2445 3083 2558 3129 887.

2057 3140 2172 3189 villa
2190 3140 2266 3200 de,
2289 3149 2402 3193 822.

1795 3238 2033 3298 Oreford’,
2052 3245 2164 3296 827,
2189 3247 2302 3289 828.

2089 3308 2273 3370 burgus
2304 3306 2378 3365 de,
2401 3313 2516 3359 887.

2085 3384 2296 3421 castrum
2323 3373 2397 3431 de,
2420 3382 2534 3425 824.

2090 3440 2228 3487 firma
2247 3439 2322 3498 de,
2344 3446 2459 3489 824.

2087 3506 2252 3553 villata
2272 3505 2346 3562 de,
2378 3514 2492 3559 829.

1799 3570 2036 3627 Ormesbi,
2062 3578 2179 3620 822.

2055 3637 2195 3686 firma
2215 3636 2289 3695 de,
2313 3645 2426 3688 828.

1793 3703 2036 3761 ostburc,
2056 3704 2194 3751 firma
2221 3703 2294 3760 de,
2319 3712 2434 3755 828.

1797 3804 2008 3853 Peverell
2032 3806 2188 3853 honor
2220 3805 2281 3855 de
2303 3807 2526 3868 London,
2550 3816 2663 3871 888,
2699 3819 2811 3865 889.

1795 3910 1983 3969 Saham,
2007 3917 2120 3959 822.

1797 3978 1956 4026 Senot·
1983 3976 2253 4037 Edmund’,
2298 3986 2411 4037 821,
2446 3987 2558 4038 822,
2594 3989 2707 4041 825,
2743 3990 2856 4043 888,
2896 3992 3009 4044 887,

2316 4113 2511 4163 eeclesia
2530 4113 2602 4171 de,
2620 4120 2732 4164 821.

2317 4180 2634 4229 infirmarium
2654 4180 2728 4239 de,
2751 4188 2864 4231 821.

1796 4244 1965 4299 Sentis,
1990 4251 2103 4293 884.

1797 4310 2037 4367 Sibbeton,
2064 4316 2177 4361 825.

1797 4377 1992 4435 stanno,
2017 4384 2130 4426 321.

1795 4442 2025 4501 Stocton',
2046 4449 2158 4493 821.

1793 4510 1928 4567 Stok,
1950 4516 2064 4560 887.

1796 4577 1969 4635 Stowe,
1995 4574 2302 4625 hundredum
2321 4576 2396 4635 de,
2419 4583 2531 4627 888.

1796 4642 2053 4699 Sudfolch',
2082 4648 2191 4701 148,
2214 4650 2329 4700 819,
2360 4651 2472 4703 860,
2494 4650 2606 4702 861,
2629 4652 2742 4695 862.

2087 4709 2224 4757 firma
2243 4708 2319 4767 de,
2342 4716 2457 4767 821,
2479 4716 2595 4769 828,
2616 4718 2730 4763 860.

2087 4792 2268 4825 novum
2299 4786 2596 4827 crementum
2631 4778 2707 4837 de,
2745 4786 2858 4836 222,
2891 4790 3006 4833 828.

2087 4852 2223 4891 vetus
2253 4852 2550 4893 crementum
2570 4844 2643 4900 de.
2680 4852 2794 4906 222,
2829 4856 2944 4899 828.

1795 4907 2228 4971 Sudherpingham,
2251 4908 2555 4959 hundredum
2579 4911 2654 4970 de,
2674 4920 2786 4965 888.

1793 5008 2074 5065 Taverham,
2099 5008 2400 5059 hundredum
2423 5010 2496 5069 de,
2533 5018 2644 5061 888.
