3550 5759
1584 418 1829 473 INDEX
1865 423 2248 481 NOMINUM.

646 546 789 607 Eilsi,
810 548 969 615 Hugo
990 552 1134 611 filius,
1158 558 1273 605 294.

806 616 991 676 ΡιίιιεΙ,
1005 618 1299 669 Wsslielmus
1321 620 1467 683 filim,
1484 631 1597 677 298.

642 678 820 741 Eilvet,
844 688 956 734 253.

842 749 1086 800 Galfridus
1106 753 1264 812 frater,
1290 758 1404 804 258.

641 812 865 875 Effusam,
896 816 1116 865 Matildis
1135 834 1259 867 uxor
1284 819 1395 872 Ade
1414 822 1519 884 filii,
1542 829 1623 885 67,
1648 833 1727 880 71.

639 878 851 939 Eiward,
879 883 1184 941 Willielmus,
1222 890 1335 937 847.

638 944 891 1004 Ekinton’,
918 949 1125 999 Ilbertus
1142 950 1214 1007 de,
1234 956 1312 1001 77.

925 1016 1194 1077 Stephanus
1216 1016 1289 1074 de,
1316 1022 1397 1069 75.

642 1078 799 1127 Elena
820 1096 942 1128 uxor
968 1082 1197 1132 Rollandi
1219 1083 1280 1133 de
1308 1086 1553 1149 Gallweie,
1576 1098 1658 1141 84.

638 1142 816 1203 Elien',
842 1147 1103 1210 episcopus,
1146 1155 1257 1210 138,
1294 1158 1405 1213 144,
1446 1162 1556 1217 153,
1594 1164 1705 1217 158,
1748 1165 1862 1223 159,

868 1278 1126 1329 Eustasius
1147 1284 1411 1347 episeopus,
1440 1294 1550 1337 144.

632 1368 829 1381 —-—
865 1346 943 1394 Ro
1094 1349 1592 1413 archidiaconus,880.

865 1413 1155 1462 willielmus
1166 1418 1428 1480 episeopus,
1447 1428 1562 1473 880.
1591 1422 1717 1473 vide
1740 1423 1853 1488 Ely.

636 1475 908 1526 Elinaildus
929 1478 1057 1527 filius
1081 1480 1301 1537 wiberti.
1326 1491 1439 1535 881.

638 1540 857 1607 Elinges,
884 1545 1156 1595 Hel-bertus
1175 1547 1247 1603 de,
1275 1556 1389 1602 249.

634 1608 797 1667 Elion,
823 1611 1117 1661 willielmus
1138 1612 1213 1672 de,
1241 1621 1350 1665 156.

633 1674 868 1737 Elleston,
890 1679 1109 1727 homines
1130 1679 1203 1735 de,
1228 1688 1310 1732 98.

633 1740 937 1800 Elloewurd',
960 1744 1128 1793 Simon
1150 1746 1224 1804 de,
1250 1754 1361 1805 206.
1388 1758 1501 1803 209.

631 1806 773 1865 Elne,
809 1807 1095 1858 willielmus
1114 1811 1191 1869 de,
1212 1817 1290 1863 97.

630 1873 942 1939 Εἰρὶηςὶιαω,
972 1876 1219 1926 Gilbertus
1240 1878 1313 1937 de,
1342 1886 1449 1931 176.

630 1940 743 2002 Ely,
774 1941 1021 1990 Gala-idus
1040 1942 1117 2002 de,
1141 1949 1257 1995 219.

624 2034 727 2044 —
758 2008 981 2055 monachi
1002 2007 1073 2063 de,
1099 2016 1213 2059 824.

624 2096 726 2108 —
761 2073 1054 2122 willielmus
1076 2074 1149 2131 de,
1186 2078 1439 2128 thmurus
1457 2078 1663 2133 Domini
1688 2084 1854 2151 Regis,

627 2204 805 2267 Elyan,
833 2204 1127 2255 willielmus
1148 2205 1223 2266 de,
1248 2217 1361 2261 840.

625 2271 777 2333 Elyas
796 2271 925 2319 filius
951 2270 1091 2335 Elye,
1108 2278 1190 2323 56.

946 2338 1199 2399 Gunnild',
1223 2348 1340 2394 203.

937 2404 1189 2465 Johannls,
1216 2414 1327 2459 181.

944 2471 1164 2531 Roberti,
1191 2480 1300 2526 114.

936 2536 1153 2597 Wakeri,
1185 2546 1295 2591 158.

944 2603 1213 2664 willielmi,
1236 2612 1351 2658 850.

786 2678 836 2717 et
861 2669 1067 2718 Matilda
1087 2682 1241 2722 mater
1263 2675 1381 2739 ejuS,
1402 2683 1516 2727 814.

788 2735 1093 2796 WillielmuS,
1116 2745 1230 2789 290.

624 2800 767 2865 EIyo,
793 2802 1019 2851 Conanus
1040 2803 1183 2865 filius,
1210 2809 1324 2863 175,
1352 2812 1462 2860 189.

623 2892 753 2909 .--
789 2868 1037 2917 Galfridus
1056 2869 1198 2930 filius,
1218 2878 1330 2921 221.
1365 2906 1378 2919 .

618 2960 751 2972 —-—
785 2934 1077 2984 willielmus
1098 2937 1238 2995 filius,
1267 2942 1379 2989 350.

622 2998 801 3049 Emmn
824 3016 944 3049 uxor
970 3002 1171 3051 Rnberti
1197 3006 1473 3064 Sumetnrii,
1497 3012 1577 3056 28.

983 3069 1235 3119 willielmi
1262 3070 1529 3135 Langevin,
1557 3079 1666 3126 140.

621 3132 812 3188 Emme,
842 3135 1061 3198 Rogerus
1081 3136 1224 3195 filius,
1249 3142 1362 3187 297.

620 3198 1024 3263 Emmingeford',
1048 3202 1255 3251 Nichola
1278 3204 1349 3261 de,
1379 3209 1488 3253 141.

620 3264 858 3329 Engaiue,
888 3265 1124 3316 Rieu-dus
1144 3268 1220 3325 de,
1244 3276 1323 3317 88.

1144 3335 1272 3383 filius
1324 3336 1545 3389 Warneri
1602 3342 1677 3403 de,
1727 3352 1837 3404 141,

904 3464 1199 3515 willielmus
1219 3466 1293 3525 de,
1318 3474 1400 3520 72.

620 3528 863 3592 Enganet,
892 3529 1125 3594 Rogatus,
1154 3538 1268 3583 105.

621 3594 889 3657 Engeleise,
913 3602 1025 3646 228.

620 3660 841 3724 Englebi,
866 3662 897 3712 J
903 3663 1089 3711 oslanus
1107 3663 1183 3723 de,
1210 3672 1319 3718 170.

618 3726 845 3786 Enisant,
862 3728 1095 3789 matildis,
1118 3748 1237 3779 uxor
1258 3734 1367 3783 Ade
1388 3736 1492 3795 filii,
1520 3743 1603 3801 67,
1621 3746 1700 3793 71.

617 3792 869 3851 Erdaelau,
896 3794 1063 3844 Essolf
1074 3796 1147 3855 de,
1174 3806 1286 3849 298.

617 3858 874 3915 Erdinton,
899 3860 1109 3911 Thomas
1130 3863 1203 3921 de,
1226 3873 1307 3925 46,
1330 3874 1446 3919 357.

615 3926 912 3986 Erembaldi,
938 3927 1226 3979 willielmus
1246 3934 1386 3991 filius,
1410 3942 1494 3996 58,
1518 3944 1599 3987 66.

615 3992 949 4051 Erembaldus,
974 3999 1085 4043 190.

622 4059 811 4117 Erlnue,
840 4060 1086 4109 Gilbertus
1107 4060 1180 4117 de,
1206 4070 1318 4115 242.

612 4126 790 4182 Etleia,
813 4126 1061 4175 Johannoe
1079 4126 1153 4183 de,
1185 4133 1294 4190 195,
1318 4139 1431 4195 208,
1456 4142 1569 4197 204,
1586 4142 1698 4189 268.

613 4192 821 4251 Ermue,
846 4191 993 4241 Waee
1014 4192 1155 4251 filius,
1184 4200 1292 4245 184.

610 4257 834 4317 Ernaldi,
862 4259 1130 4308 Herbertus
1149 4261 1289 4319 filius,
1316 4271 1425 4315 188.

868 4324 1133 4375 Wulfticus
1152 4326 1297 4388 filius,
1318 4336 1435 4382 327.

610 4389 876 4449 Ernebern,
901 4391 1142 4441 Robertus
1159 4393 1320 4455 frater,
1348 4404 1457 4449 191.

608 4456 809 4514 Ernisii,
836 4456 1079 4507 Robertus
1090 4459 1232 4515 filius.
1254 4467 1369 4515 889.

834 4523 1128 4573 willielmus
1148 4526 1291 4586 filius,
1319 4536 1431 4579 171.

603 4588 829 4638 Ernisius
846 4588 976 4638 filius
1000 4590 1217 4651 neberti,
1244 4600 1354 4655 145,
1385 4602 1494 4648 157.

865 4657 1105 4719 ψιθῗ,
1130 4664 1213 4718 87,
1233 4666 1317 4722 41,
1340 4667 1421 4713 55·

859 4724 1143 4783 prepositus,
1165 4732 1279 4777 841.

601 4788 686 4845 Es,
713 4787 1006 4837 willielmus
1021 4788 1097 4849 de,
1120 4796 1199 4849 28,
1225 4800 1306 4853 29,
1329 4802 1441 4845 302.

600 4854 953 4910 ΕεοοτοειιίοΙΡ,
980 4852 1285 4919 willielmus,
1308 4869 1421 4914 339.

602 4920 913 4983 Eseouland',
935 4920 1128 4971 Thomu
1169 4930 1295 4978 .149.

1983 568 2182 633 Eoerop,
2210 574 2475 639 Philippus,
2497 585 2578 640 65,
2603 586 2683 632 71.

2213 641 2469 702 ssebertus,
2497 651 2608 704 176,
2623 656 2740 701 286.

1979 702 2291 767 Esingwald’,
2317 711 2535 762 homines
2555 713 2633 773 de,
2661 722 2775 767 287.

2308 775 2505 838 Ingelot
2525 779 2599 839 de,
2624 788 2740 836 289.

1977 834 2278 903 Eskelleng',
2313 876 2326 888 .
2361 876 2374 891 .
2411 876 2426 891 .
2473 878 2488 893 .
2515 853 2629 897 204.

2271 907 2532 968 Johannes,
2552 920 2633 971 55,
2655 922 2772 977 200,
2795 925 2912 980 204,
2937 927 3049 985 205,
3085 932 3204 979 206.

1977 968 2234 1023 Enkinton.
2263 974 2567 1029 Abx-&hamus
2587 979 2663 1039 de,
2691 990 2803 1035 175.

1975 1034 2158 1100 Euleg',
2186 1038 2400 1089 Thomas
2420 1041 2495 1103 de,
2513 1052 2560 1103 3,
2583 1053 2631 1096 4.
2720 1050 2850 1102 Vide
2867 1053 3070 1122 Eulog’.

1977 1100 2148 1164 Espee,
2177 1101 2485 1171 willielmus,
2510 1118 2588 1161 24.

1975 1168 2255 1235 Espetleng,
2279 1173 2537 1233 Johannes,
2565 1185 2677 1230 100.

1975 1233 2200 1297 Esperus,
2225 1238 2481 1297 Jordanus,
2505 1251 2588 1295 28.

1971 1300 2162 1363 Eeprai,
2191 1304 2450 1364 Galfridus,
2475 1316 2588 1369 248,

1972 1366 2172 1427 Eoeeho,
2196 1370 2489 1423 willielmus
2510 1374 2586 1435 de,
2613 1384 2693 1430 10.

1973 1433 2245 1493 Εειὼιιτει,
2273 1438 2518 1491 Martinus
2538 1443 2614 1501 de,
2641 1452 2720 1496 31.

1972 1500 2259 1557 Εωειοΐοτᾱ.
2286 1503 2580 1558 willielmus
2599 1510 2676 1569 de,
2705 1520 2809 1565 103.

1971 1566 2214 1625 Esaewell,
2241 1570 2406 1619 Simon
2431 1572 2508 1632 de,
2529 1582 2644 1627 347.

1971 1632 2137 1691 Essem,
2168 1636 2229 1683 G.
2253 1635 2382 1686 filius
2408 1640 2540 1689 Petri
2561 1658 2722 1694 eomes
2739 1646 2810 1705 de,
2837 1655 2915 1709 14,
2937 1660 3018 1703 21.

1965 1724 2134 1741 -——
2157 1701 2394 1752 Rieu-dus
2418 1706 2690 1760 Munfiehet
2708 1714 2960 1767 vicecomes
2981 1720 3056 1783 de,
3077 1730 3194 1785 144,

2233 1774 2341 1829 147,
2370 1777 2480 1832 150,
2509 1775 2619 1832 153,
2647 1784 2754 1837 154,
2795 1788 2902 1844 155,
2927 1792 3036 1845 156,
3077 1796 3196 1853 157,

2232 1838 2344 1894 158,
2371 1843 2485 1898 159,
2513 1846 2623 1899 160,
2653 1850 2760 1902 162,
2788 1854 2894 1899 168.

2161 1898 2423 1952 νίοοοοωα
2442 1904 2516 1963 de,
2543 1914 2659 1969 319,
2683 1918 2800 1973 840,
2821 1922 2934 1977 341,
2957 1926 3069 1972 358.

1967 1962 2178 2023 Emer-bi,
2201 1964 2422 2031 Rogerus
2443 1971 2517 2031 de,
2545 1980 2659 2025 175.

2197 2030 2410 2085 Thomas
2430 2038 2508 2097 de,
2532 2046 2642 2089 184.

1967 2095 2169 2160 Estleg',
2196 2096 2406 2151 Thomas
2424 2103 2500 2161 de,
2528 2112 2638 2157 142.

2185 2164 2426 2218 walterus
2446 2170 2521 2230 de,
2545 2180 2629 2229 84,
2648 2181 2729 2233 45,
2747 2184 2862 2229 210.

1965 2226 2154 2286 Eston’,
2179 2232 2418 2283 Arcturus
2437 2235 2512 2295 de,
2540 2245 2648 2289 114.

1959 2318 2127 2335 -——-
2159 2296 2406 2350 Hem-icus
2427 2304 2628 2355 clericus
2649 2307 2724 2368 de,
2753 2316 2830 2361 14.

2161 2362 2390 2415 Mothous
2432 2368 2507 2430 de,
2550 2378 2834 2427 senescallus
2883 2381 3088 2435 Geranfl
3130 2388 3192 2439 de

2226 2430 2488 2493 Furnivau,
2514 2443 2626 2488 298.

1957 2518 2126 2535 -—-
2156 2494 2281 2545 Orm
2302 2498 2376 2558 de,
2405 2507 2514 2551 114.

1956 2584 2125 2601 -—-.
2161 2558 2452 2615 willielmus
2468 2567 2541 2628 de,
2565 2578 2682 2622 202.

1961 2624 2172 2682 Estmte,
2196 2628 2407 2682 Thomas
2427 2632 2502 2693 de,
2529 2642 2640 2699 151,
2661 2646 2771 2691 154.

1961 2691 2197 2753 Estreeh‘,
2226 2695 2473 2759 osbertus,
2501 2708 2610 2751 181.

1959 2758 2194 2817 Esturmi,
2225 2762 2482 2825 Galfridus,
2508 2776 2620 2820 229.

2221 2827 2482 2890 Hem-icus,
2505 2841 2618 2887 229.

2222 2895 2478 2959 walterus,
2501 2906 2614 2952 282.

2217 2961 2525 3025 Willielmus,
2549 2974 2662 3020 887.

1957 3021 2164 3082 Eswald,
2191 3026 2358 3076 Simon
2381 3029 2456 3089 de,
2484 3037 2594 3084 128.

1957 3089 2274 3155 Ethingham,
2299 3095 2434 3145 Elim
2454 3098 2528 3157 de,
2556 3107 2665 3154 128.

1956 3155 2077 3216 Eva,
2101 3164 2182 3207 38.

1955 3222 2075 3281 Eve,
2104 3224 2272 3275 Simon
2291 3227 2433 3289 filius,
2460 3237 2570 3283 142.

1955 3288 2203 3348 Everardi,
2233 3294 2506 3346 Alexander
2522 3300 2664 3359 filius,
2691 3311 2807 3356 206.

1956 3354 2228 3407 Everardus
2252 3359 2378 3409 filius
2403 3363 2649 3424 Aila-ordi,
2675 3377 2788 3425 229.

1951 3447 2379 3464 ———--—
2411 3430 2670 3494 Reginaldi
2690 3437 2750 3489 de
2777 3442 2930 3502 Cusel,
2954 3453 3069 3497 234.

1955 3486 2185 3547 Everton,
2209 3492 2428 3543 homines
2450 3496 2523 3553 de,
2549 3508 2663 3551 808.

1955 3553 2208 3616 Everwie’,
2231 3558 2387 3608 melarii
2407 3561 2482 3621 de,
2513 3572 2625 3617 288.

2233 3624 2526 3679 willielmus
2547 3632 2619 3689 de,
2644 3642 2759 3687 884.

1952 3685 2283 3749 Everwichsr’,
2301 3691 2594 3747 willielmus
2610 3700 2671 3749 de
2681 3704 2901 3757 Stuteviss
2918 3712 3180 3769 vicecomes

2363 3758 2437 3815 de,
2463 3768 2578 3821 281,
2611 3774 2726 3827 282,
2760 3780 2874 3832 288,
2911 3784 3024 3839 284,
3061 3790 3171 3843 286,

2365 3832 2478 3887 288,
2503 3837 2616 3888 289,
2641 3842 2754 3894 293,
2779 3846 2892 3901 294,
2917 3852 3032 3907 297,
3055 3858 3171 3912 302,

2355 3898 2470 3952 308,
2495 3902 2607 3954 305.
2633 3908 2747 3952 859.

1949 3949 2203 4009 Eveshnm,
2227 3956 2369 4005 abbas
2389 3957 2466 4017 de,
2488 3968 2534 4020 6,
2561 3970 2607 4023 8,
2641 3972 2718 4027 13,
2745 3976 2857 4031 132,
2884 3980 2995 4028 184.

2235 4020 2525 4075 Godefridus
2545 4029 2622 4090 de,
2645 4040 2726 4083 40.

1947 4082 2182 4145 Eustacii,
2208 4086 2507 4143 Lanfrmcus
2527 4095 2670 4157 filius,
2697 4108 2808 4152 180.

2209 4152 2418 4205 Thomas
2438 4159 2579 4219 filius,
2603 4170 2683 4223 82,
2712 4173 2818 4228 172,
2843 4179 2955 4225 191.

1945 4214 2202 4267 Eustacius
2221 4220 2350 4271 filius
2373 4224 2617 4288 StephanI,
2645 4238 2756 4285 127.

2389 4290 2684 4361 Tnmegar’,
2708 4308 2821 4352 201.

2222 4356 2460 4419 magister,
2491 4366 2602 4413 167.

1944 4414 2122 4476 Exon’,
2143 4418 2404 4484 burgenses
2424 4424 2500 4486 de,
2525 4435 2606 4479 28.

2132 4485 3010 4625 ffissffi.ssi'siss.fii‘.²³’2}}

2132 4622 2355 4669 monachi
2381 4622 2543 4675 Sancti
2569 4629 2793 4683 Nicholai
2811 4588 2886 4695 di:
2916 4646 2989 4691 15.

1940 4678 2193 4742 Extranei,
2214 4684 2462 4739 Johannes
2481 4692 2610 4745 filius
2631 4697 2882 4764 Johmnis,
2911 4712 3018 4758 121.

1937 4745 2226 4809 Eumaeus,
2253 4751 2431 4814 Hanno,
2460 4764 2568 4819 121,
2597 4768 2707 4814 127.

2226 4816 2486 4881 Jobannes,
2511 4832 2590 4885 46,
2619 4835 2729 4893 126,
2757 4840 2862 4886 127.

2228 4883 2388 4946 wido,
2418 4894 2529 4941 128.

1933 4942 2055 5005 Eye,
2083 4946 2338 5001 Eustneius
2359 4952 2418 5003 de
2461 4962 2571 5009 141.
